2109 3417
111 270 140 317 1.
151 270 183 331 r]
396 270 439 319 us
460 268 625 317 uerrere
906 259 947 319 65

111 431 144 479 tu
159 419 215 477 hoe
229 419 313 477 nobis
326 418 373 492 da,
388 420 533 492 Seaerola3
555 430 584 479 et
596 420 713 496 perfice,
727 430 759 478 ut
779 420 901 479 Crassus

112 516 187 587 haee,
213 536 276 591 quae
304 518 460 575 coaretavit
484 528 513 574 et
535 528 708 594 peranguste
734 518 847 575 refersit
869 518 926 584 iur

110 613 243 671 oratioue
257 614 320 684 sua,
335 614 436 671 dilatet
456 614 539 672 nobis
555 623 640 689 utque
653 614 784 690 explicet„
834 613 900 691 Ego

111 708 288 781 mehercule,
310 709 402 785 inquit
429 708 557 781 Mucius,
578 720 663 767 antea
688 711 782 767 restris
808 710 901 787 magis

111 805 170 861 hoe
191 805 279 863 cause
299 806 439 875 volebam,
459 824 545 881 quarn
566 806 638 864 meri.
691 805 797 881 Neque
821 806 931 863 enims

110 911 263 977 tantopere
277 901 353 959 hane
368 921 384 962 u
398 902 504 959 Crasso
517 902 740 977 disputationem
757 902 900 960 desidera·

111 998 190 1068 bam,
212 1008 387 1073 quantopere
407 998 469 1074 ejus
490 998 520 1055 in
541 999 637 1056 causis
655 998 786 1057 oratione
806 998 901 1056 deleu-

110 1103 175 1151 tor:
209 1111 288 1151 nunu
321 1112 397 1166 rere,
425 1094 540 1166 Crasse,
567 1094 632 1151 met
665 1112 778 1169 quoque
811 1094 899 1152 etiam

111 1190 202 1247 eausa
221 1208 302 1267 rogo,
323 1200 355 1247 ut
374 1191 508 1265 quonium
535 1201 646 1249 tantum
674 1190 812 1249 habemus
835 1191 898 1262 otii,

110 1296 250 1361 quantum
268 1286 378 1362 jamdiu
399 1287 481 1373 nubis
501 1306 558 1345 non
576 1286 707 1364 contigit,
721 1305 759 1343 ne
773 1286 898 1363 graveris
913 1295 945 1345 1⁰

35 1438 38 1445 ,
111 1382 293 1439 exoedifieare
314 1382 343 1439 id
362 1401 444 1457 opus,
465 1383 543 1458 quod
564 1382 721 1441 instituisti.
762 1382 899 1441 Formam

110 1476 191 1555 enirn
205 1477 293 1535 totius
307 1477 416 1554 negotii
430 1477 567 1553 opinione
580 1477 727 1554 majorem,
738 1477 898 1537 meliorem·

111 1592 168 1649 que
183 1574 283 1644 ride03
304 1592 388 1649 quarn
403 1574 586 1632 vehementer
599 1575 698 1651 probo.

151 1766 296 1826 XXXVI.
323 1766 488 1840 Enimvero,
516 1766 608 1842 inquit
625 1767 773 1838 -Crassus,
801 1766 898 1823 mirari

111 1863 181 1921 setis
194 1882 259 1923 non,
268 1881 352 1937 quau,
365 1862 452 1921 etiarn
466 1873 494 1921 te
515 1863 587 1933 hee,
603 1862 741 1933 Suevola,
756 1862 899 1921 desidere·
914 1873 946 1923 15

112 1979 152 2030 re,
177 1979 239 2034 que
266 1978 359 2034 neque
383 1977 437 2035 ego
461 1970 557 2030 teneo,
582 1959 630 2016 uti.
647 1958 678 2029 ii,
702 1958 751 2034 qui
775 1959 896 2029 doeent3

112 2075 206 2131 neque
226 2066 292 2113 sunt
311 2055 373 2131 ejus
393 2055 516 2131 generis,
531 2065 572 2126 ut,
587 2054 611 2112 si
631 2054 739 2130 optime
759 2065 896 2125 tenerem,

112 2152 200 2228 digna
233 2161 328 2209 essent
362 2150 417 2208 ists
450 2151 591 2227 snpientia
618 2170 653 2209 ae
681 2151 738 2208 tuis
771 2152 896 2209 auribus.

112 2247 181 2305 Ain’
196 2249 247 2305 tut
269 2246 361 2321 inquit
376 2247 431 2304 ille.
483 2247 515 2305 Si
529 2246 566 2304 de
579 2247 641 2304 istis
656 2247 855 2305 communibus
868 2257 898 2304 et

111 2343 272 2419 pervagatis
305 2343 350 2400 rix
385 2342 453 2400 huie
486 2343 563 2401 aetati
596 2343 771 2400 audiendum
803 2353 896 2420 putas,
912 2355 944 2403 20

113 2439 237 2497 etiamne
257 2440 306 2497 illa
325 2439 470 2516 negligere
491 2458 727 2515 possumusque
743 2450 774 2497 tu
791 2440 897 2497 oratori

114 2537 315 2612 eognoscenda
333 2554 398 2594 esse
418 2535 525 2607 dixisti,
546 2536 712 2593 donateris
737 2536 897 2607 hominurn,

114 2631 150 2687 de
171 2632 306 2704 moribus,
323 2633 359 2689 de
379 2632 540 2691 rationibus
559 2631 604 2703 iis,
626 2632 730 2707 quibus
749 2632 898 2691 hominum

113 2738 224 2785 mentes
257 2738 286 2785 et
319 2728 507 2787 incitarentur
539 2738 569 2785 et
600 2728 832 2804 reprimerentur,
861 2729 898 2786 de

113 2824 242 2896 historie,
263 2825 298 2883 de
320 2825 498 2900 antiquitate,
518 2824 556 2881 de
577 2824 823 2882 administratione
844 2825 899 2882 rei·
912 2835 945 2885 25

112 2920 245 2996 publieae,
272 2921 398 2996 denique
422 2922 459 2978 de
486 2930 585 2978 nostro
611 2920 674 2995 ipse
704 2920 769 2995 jure
800 2919 898 2976 cirili?

114 3016 200 3077 Hane
226 3016 303 3077 eninr
331 3034 386 3092 ego
412 3032 527 3077 emnem
548 3014 711 3086 seientiam,
733 3024 764 3072 et
784 3011 899 3087 copiam

346 3114 367 3171 6
378 3111 395 3147 0
