2109 3417
89 264 146 323 140
406 274 450 322 oa
471 275 635 322 carrona.
837 277 875 336 [a.
886 272 920 324 11.

129 420 240 478 nullum
267 421 303 479 ad
330 441 414 481 usum
443 442 550 496 meum,
577 435 688 483 tantum
720 423 919 502 cognoscendi

130 519 224 576 studio
250 519 401 592 adductus,
421 520 544 597 requiro.
585 521 651 578 Noc
678 521 748 578 mihi
775 539 848 596 opus
874 531 920 578 est

129 615 233 672 Graeco
254 616 349 690 aliquo
369 617 499 688 doctore,
514 618 563 692 qui
584 618 654 676 mihi
669 618 834 694 pervulgata
847 637 920 693 prae·

130 721 214 786 cepta
231 712 376 784 decantet,
391 732 458 771 cum
478 713 539 789 ipse
560 733 705 788 nunquam
727 714 829 783 forum,
844 733 919 770 nun·

99 822 214 882 squam
235 808 324 866 ullum
343 809 496 885 judicium,
512 811 687 886 adspexerit;
710 820 740 867 ut
754 809 918 884 peripateti·

128 923 181 962 cus
195 905 243 962 ille
253 905 359 962 dicitur
373 907 525 976 Phormi03
546 925 611 964 cum
627 906 784 976 Hannibal,
796 905 916 962 Cartha·

128 1000 196 1076 gine
215 1001 359 1077 expulsus,
374 1001 520 1077 Ephesum
542 1003 577 1060 ad
598 1002 775 1061 Antiochum
792 1001 916 1060 venisset

128 1097 218 1169 exsul,
233 1116 342 1173 proque
362 1117 408 1170 eo,
424 1099 502 1173 quod
521 1099 583 1174 ejus
603 1117 707 1156 nomen
729 1108 790 1155 erat
810 1097 916 1174 magud

130 1193 204 1268 apud
224 1212 324 1251 omnes
344 1194 446 1271 glorid,
462 1194 597 1252 imitatus
616 1195 740 1252 essetab
755 1194 916 1269 hospitibus

85 1301 116 1350 10
128 1289 197 1361 suis,
212 1301 244 1347 ut
255 1310 333 1362 eum,
348 1309 433 1364 quem
454 1291 523 1362 diri,
538 1291 562 1348 si
579 1291 672 1360 vellet,
688 1291 814 1359 audiret3
835 1307 917 1346 oum·

128 1405 185 1460 que
204 1404 235 1443 se
255 1406 311 1444 non
331 1387 409 1446 nolle
428 1387 562 1456 dixisset3
591 1387 705 1444 locutus
725 1405 787 1442 esse
808 1385 915 1442 dicitur

128 1481 215 1540 homo
247 1482 381 1558 copiosus
415 1483 522 1557 aliquot
556 1483 641 1540 horas
672 1483 708 1540 de
736 1481 916 1557 imperatoris

129 1579 236 1651 officio,
263 1589 292 1637 et
318 1580 354 1636 de
387 1579 466 1637 omui
493 1598 525 1636 re
551 1579 675 1636 militari.
729 1578 818 1650 Tum,
846 1596 914 1635 cum

130 1676 228 1747 ceteri,
253 1675 302 1751 qui
325 1676 405 1734 illum
429 1676 588 1746 audierant,
613 1675 795 1732 vehementer
819 1685 916 1732 essent

84 1784 115 1834 15
127 1773 273 1843 delectati,
308 1773 472 1847 quaerebant
505 1772 542 1829 ab
574 1771 748 1841 Hannibale,
778 1771 914 1846 quidnam

129 1869 190 1944 ipse
210 1869 247 1926 de
267 1869 315 1926 illo
335 1868 504 1944 philosopho
520 1868 672 1944 judicaret.
719 1867 833 1938 Poenus,
855 1886 914 1926 nou

129 1965 236 2040 optime
262 1965 375 2035 Graece,
403 1963 454 2020 sed
480 1975 576 2020 tamen
608 1963 707 2032 libere,
735 1963 915 2037 respondisse

129 2060 227 2131 fertur,
242 2060 345 2116 multos
358 2078 389 2116 se
403 2059 509 2116 deliros
522 2077 605 2116 senas
621 2077 696 2132 saepe
710 2057 831 2126 vidisse3
853 2059 913 2129 sed,

129 2157 178 2232 qui
192 2156 284 2231 magis
298 2173 382 2229 quam
397 2154 534 2211 Phormio
550 2155 692 2224 deliraret,
707 2155 811 2210 vidisse
825 2154 916 2210 nemi·

80 2265 204 2315 mnam.
245 2251 357 2326 Neque,
378 2250 553 2320 mehercule,
575 2250 686 2325 injuria.
727 2249 809 2310 Quid
836 2250 913 2308 enim

127 2357 179 2404 aut
199 2346 375 2422 arrogantius
396 2356 444 2404 aut
463 2345 611 2420 loquacius
631 2345 692 2402 lieri
712 2345 814 2421 potnit,
829 2365 914 2419 quam

129 2442 297 2515 Hannibali,
311 2442 359 2517 qui
372 2452 417 2498 tot
431 2460 521 2500 annos
535 2441 572 2498 da
585 2441 705 2518 imperio
720 2460 787 2497 cum
807 2442 915 2517 populo

129 2538 265 2597 Romano
297 2537 427 2596 omnium
461 2536 590 2613 gentium
625 2536 732 2594 victore
766 2538 914 2608 certasset,

128 2635 263 2693 Graecum
281 2633 437 2704 hominem,
459 2633 507 2708 qui
528 2652 675 2707 nunquam
699 2633 821 2704 hostem,
843 2651 916 2690 nun·

81 2741 116 2791 25
130 2751 214 2808 quam
239 2743 335 2790 castra
359 2730 486 2802 vidisset,
507 2749 654 2804 nunquam
682 2730 806 2806 denique
833 2730 916 2788 mini·

128 2848 205 2888 mam
230 2839 340 2906 partem
367 2827 454 2884 ullius
480 2827 589 2902 publici
613 2827 740 2886 muneris
764 2827 914 2903 attigisset,

128 2936 272 3003 precepta
284 2924 320 2982 de
333 2943 364 2984 ra
379 2923 494 2981 militari
510 2924 599 2981 darel
640 2923 708 2982 Hoc
728 2923 798 2980 mihi
818 2922 915 2979 lacere

126 3039 230 3099 omnes
249 3021 306 3094 isti,
327 3020 376 3097 qui
396 3019 433 3080 de
454 3029 514 3082 arte
536 3019 654 3081 dicendi
676 3019 855 3098 precipiunt,
876 3017 916 3077 ris
