<?xml version="1.0" encoding="UTF-8"?>
<!DOCTYPE html PUBLIC "-//W3C//DTD XHTML 1.0 Transitional//EN"
    "http://www.w3.org/TR/xhtml1/DTD/xhtml1-transitional.dtd">
<html xmlns="http://www.w3.org/1999/xhtml" xml:lang="en" lang="en">
 <head>
  <title>
</title>
<meta http-equiv="Content-Type" content="text/html;charset=utf-8" />
  <meta name='ocr-system' content='tesseract 3.04.00' />
  <meta name='ocr-capabilities' content='ocr_page ocr_carea ocr_par ocr_line ocrx_word'/>
</head>
<body>
  <div class='ocr_page' id='page_1' title='image "./mtciceronisadqu00dillgoog_0112.png"; bbox 0 0 2109 3417; ppageno 0'>
   <div class='ocr_carea' id='block_1_1' title="bbox 126 286 956 357">
    <p class='ocr_par' dir='ltr' id='par_1_1' title="bbox 126 286 956 357">
     <span class='ocr_line' id='line_1_1' title="bbox 126 286 956 357; baseline -0.005 -9"><span class='ocrx_word' id='word_1_1' title='bbox 126 286 183 350; x_wconf 72' lang='lat'>1⁰0</span> <span class='ocrx_word' id='word_1_2' title='bbox 446 299 489 344; x_wconf 83' lang='lat' dir='ltr'>nn</span> <span class='ocrx_word' id='word_1_3' title='bbox 511 297 675 344; x_wconf 75' lang='lat' dir='ltr'>onnroan</span> <span class='ocrx_word' id='word_1_4' title='bbox 884 298 924 357; x_wconf 82' lang='lat' dir='ltr'>[n.</span> <span class='ocrx_word' id='word_1_5' title='bbox 936 299 956 346; x_wconf 91' lang='lat' dir='ltr'>r.</span> 
     </span>
    </p>
   </div>
   <div class='ocr_carea' id='block_1_2' title="bbox 125 444 956 1559">
    <p class='ocr_par' dir='ltr' id='par_1_2' title="bbox 170 444 956 806">
     <span class='ocr_line' id='line_1_2' title="bbox 171 444 955 522; baseline 0.003 -20"><span class='ocrx_word' id='word_1_6' title='bbox 171 445 256 502; x_wconf 85' lang='lat' dir='ltr'>duras</span> <span class='ocrx_word' id='word_1_7' title='bbox 275 444 354 522; x_wconf 85' lang='lat' dir='ltr'>leges</span> <span class='ocrx_word' id='word_1_8' title='bbox 374 446 521 522; x_wconf 80' lang='lat' dir='ltr'>imponere</span> <span class='ocrx_word' id='word_1_9' title='bbox 540 447 617 504; x_wconf 89' lang='lat' dir='ltr'>visus</span> <span class='ocrx_word' id='word_1_10' title='bbox 637 466 667 504; x_wconf 89' lang='lat' dir='ltr'>es</span> <span class='ocrx_word' id='word_1_11' title='bbox 689 446 756 503; x_wconf 89' lang='lat' dir='ltr'>huio</span> <span class='ocrx_word' id='word_1_12' title='bbox 783 445 876 517; x_wconf 85' lang='lat' dir='ltr'>aetati;</span> <span class='ocrx_word' id='word_1_13' title='bbox 903 447 955 504; x_wconf 86' lang='lat' dir='ltr'>sed</span> 
     </span>
     <span class='ocr_line' id='line_1_3' title="bbox 171 542 955 619; baseline 0 -19"><span class='ocrx_word' id='word_1_14' title='bbox 171 551 267 600; x_wconf 88' lang='lat' dir='ltr'>tamen</span> <span class='ocrx_word' id='word_1_15' title='bbox 283 543 317 599; x_wconf 85' lang='lat' dir='ltr'>ad</span> <span class='ocrx_word' id='word_1_16' title='bbox 333 543 370 614; x_wconf 91' lang='lat' dir='ltr'>id,</span> <span class='ocrx_word' id='word_1_17' title='bbox 385 545 461 617; x_wconf 92' lang='lat' dir='ltr'>quod</span> <span class='ocrx_word' id='word_1_18' title='bbox 482 543 611 618; x_wconf 88' lang='lat' dir='ltr'>cupiunt,</span> <span class='ocrx_word' id='word_1_19' title='bbox 627 542 850 619; x_wconf 86' lang='lat' dir='ltr'>adipisoendum,</span> <span class='ocrx_word' id='word_1_20' title='bbox 865 561 955 618; x_wconf 81' lang='lat' dir='ltr'>prope</span> 
     </span>
     <span class='ocr_line' id='line_1_4' title="bbox 170 639 956 715; baseline 0 -19"><span class='ocrx_word' id='word_1_21' title='bbox 170 641 356 697; x_wconf 78' lang='lat' dir='ltr'>necessarias.</span> <span class='ocrx_word' id='word_1_22' title='bbox 397 639 475 696; x_wconf 89' lang='lat' dir='ltr'>Nam</span> <span class='ocrx_word' id='word_1_23' title='bbox 488 650 517 697; x_wconf 90' lang='lat' dir='ltr'>et</span> <span class='ocrx_word' id='word_1_24' title='bbox 532 641 632 696; x_wconf 86' lang='lat' dir='ltr'>subitae</span> <span class='ocrx_word' id='word_1_25' title='bbox 654 640 688 696; x_wconf 88' lang='lat' dir='ltr'>ad</span> <span class='ocrx_word' id='word_1_26' title='bbox 708 639 868 715; x_wconf 87' lang='lat' dir='ltr'>propositas</span> <span class='ocrx_word' id='word_1_27' title='bbox 888 658 956 696; x_wconf 84' lang='lat' dir='ltr'>oau-</span> 
     </span>
     <span class='ocr_line' id='line_1_5' title="bbox 172 735 956 806; baseline 0 -16"><span class='ocrx_word' id='word_1_28' title='bbox 172 754 218 792; x_wconf 84' lang='lat' dir='ltr'>sas</span> <span class='ocrx_word' id='word_1_29' title='bbox 231 735 461 806; x_wconf 80' lang='lat' dir='ltr'>exercitationes,</span> <span class='ocrx_word' id='word_1_30' title='bbox 475 751 504 792; x_wconf 86' lang='lat' dir='ltr'>et</span> <span class='ocrx_word' id='word_1_31' title='bbox 518 746 659 792; x_wconf 71' lang='lat' dir='ltr'>accuratae</span> <span class='ocrx_word' id='word_1_32' title='bbox 674 745 702 791; x_wconf 91' lang='lat' dir='ltr'>et</span> <span class='ocrx_word' id='word_1_33' title='bbox 715 735 856 791; x_wconf 85' lang='lat' dir='ltr'>meditatae</span> <span class='ocrx_word' id='word_1_34' title='bbox 877 753 956 790; x_wconf 88' lang='lat' dir='ltr'>eom-</span> 
     </span>
    </p>

    <p class='ocr_par' dir='ltr' id='par_1_3' title="bbox 139 831 955 1288">
     <span class='ocr_line' id='line_1_6' title="bbox 139 831 954 904; baseline 0 -16"><span class='ocrx_word' id='word_1_35' title='bbox 139 832 371 901; x_wconf 78' lang='lat' dir='ltr'>omentationes‚</span> <span class='ocrx_word' id='word_1_36' title='bbox 392 850 426 887; x_wconf 87' lang='lat' dir='ltr'>ao</span> <span class='ocrx_word' id='word_1_37' title='bbox 447 831 528 886; x_wconf 89' lang='lat' dir='ltr'>stilus</span> <span class='ocrx_word' id='word_1_38' title='bbox 550 831 597 886; x_wconf 90' lang='lat' dir='ltr'>ille</span> <span class='ocrx_word' id='word_1_39' title='bbox 621 840 697 902; x_wconf 88' lang='lat' dir='ltr'>tuus,</span> <span class='ocrx_word' id='word_1_40' title='bbox 718 849 801 904; x_wconf 91' lang='lat' dir='ltr'>quem</span> <span class='ocrx_word' id='word_1_41' title='bbox 829 841 859 886; x_wconf 91' lang='lat' dir='ltr'>tu</span> <span class='ocrx_word' id='word_1_42' title='bbox 887 849 954 888; x_wconf 87' lang='lat' dir='ltr'>rere</span> 
     </span>
     <span class='ocr_line' id='line_1_7' title="bbox 171 926 953 1002; baseline 0 -20"><span class='ocrx_word' id='word_1_43' title='bbox 171 927 267 982; x_wconf 82' lang='lat' dir='ltr'><strong>dixisti</strong></span> <span class='ocrx_word' id='word_1_44' title='bbox 288 927 474 1001; x_wconf 83' lang='lat' dir='ltr'>perfectorem</span> <span class='ocrx_word' id='word_1_45' title='bbox 495 926 611 982; x_wconf 81' lang='lat' dir='ltr'>dicendi</span> <span class='ocrx_word' id='word_1_46' title='bbox 632 945 694 982; x_wconf 89' lang='lat' dir='ltr'>esse</span> <span class='ocrx_word' id='word_1_47' title='bbox 716 945 750 983; x_wconf 88' lang='lat' dir='ltr'>ao</span> <span class='ocrx_word' id='word_1_48' title='bbox 776 926 953 1002; x_wconf 82' lang='lat' dir='ltr'>magistrum,</span> 
     </span>
     <span class='ocr_line' id='line_1_8' title="bbox 170 1021 954 1090; baseline -0.003 -10"><span class='ocrx_word' id='word_1_49' title='bbox 170 1022 254 1080; x_wconf 85' lang='lat' dir='ltr'>multi</span> <span class='ocrx_word' id='word_1_50' title='bbox 281 1022 392 1078; x_wconf 91' lang='lat' dir='ltr'>sudoris</span> <span class='ocrx_word' id='word_1_51' title='bbox 418 1035 477 1090; x_wconf 88' lang='lat' dir='ltr'>est;</span> <span class='ocrx_word' id='word_1_52' title='bbox 513 1032 542 1077; x_wconf 92' lang='lat' dir='ltr'>et</span> <span class='ocrx_word' id='word_1_53' title='bbox 568 1021 617 1078; x_wconf 87' lang='lat' dir='ltr'>illa</span> <span class='ocrx_word' id='word_1_54' title='bbox 643 1022 780 1078; x_wconf 88' lang='lat' dir='ltr'>orationis</span> <span class='ocrx_word' id='word_1_55' title='bbox 805 1041 862 1078; x_wconf 83' lang='lat' dir='ltr'>suae</span> <span class='ocrx_word' id='word_1_56' title='bbox 886 1041 954 1078; x_wconf 90' lang='lat' dir='ltr'>oum</span> 
     </span>
     <span class='ocr_line' id='line_1_9' title="bbox 171 1117 954 1192; baseline 0 -18"><span class='ocrx_word' id='word_1_57' title='bbox 171 1117 284 1192; x_wconf 85' lang='lat' dir='ltr'>scriptis</span> <span class='ocrx_word' id='word_1_58' title='bbox 305 1117 405 1173; x_wconf 86' lang='lat' dir='ltr'>alienis</span> <span class='ocrx_word' id='word_1_59' title='bbox 425 1117 610 1192; x_wconf 83' lang='lat' dir='ltr'>comparatio,</span> <span class='ocrx_word' id='word_1_60' title='bbox 628 1127 657 1174; x_wconf 90' lang='lat' dir='ltr'>et</span> <span class='ocrx_word' id='word_1_61' title='bbox 676 1118 711 1174; x_wconf 90' lang='lat' dir='ltr'>de</span> <span class='ocrx_word' id='word_1_62' title='bbox 733 1117 825 1174; x_wconf 87' lang='lat' dir='ltr'>alieno</span> <span class='ocrx_word' id='word_1_63' title='bbox 846 1118 954 1192; x_wconf 80' lang='lat' dir='ltr'>scripto</span> 
     </span>
     <span class='ocr_line' id='line_1_10' title="bbox 171 1212 955 1288; baseline 0.003 -20"><span class='ocrx_word' id='word_1_64' title='bbox 171 1213 275 1282; x_wconf 90' lang='lat' dir='ltr'>subita,</span> <span class='ocrx_word' id='word_1_65' title='bbox 297 1213 339 1268; x_wconf 89' lang='lat' dir='ltr'>vel</span> <span class='ocrx_word' id='word_1_66' title='bbox 360 1213 505 1282; x_wconf 89' lang='lat' dir='ltr'>laudandi,</span> <span class='ocrx_word' id='word_1_67' title='bbox 527 1212 570 1270; x_wconf 87' lang='lat' dir='ltr'>rel</span> <span class='ocrx_word' id='word_1_68' title='bbox 597 1213 784 1288; x_wconf 84' lang='lat' dir='ltr'>vituperandi,</span> <span class='ocrx_word' id='word_1_69' title='bbox 807 1213 847 1269; x_wconf 87' lang='lat' dir='ltr'>vel</span> <span class='ocrx_word' id='word_1_70' title='bbox 877 1233 955 1270; x_wconf 83' lang='lat' dir='ltr'>oom-</span> 
     </span>
    </p>

    <p class='ocr_par' dir='ltr' id='par_1_4' title="bbox 125 1308 953 1559">
     <span class='ocr_line' id='line_1_11' title="bbox 125 1308 953 1385; baseline -0.001 -17"><span class='ocrx_word' id='word_1_71' title='bbox 125 1319 156 1368; x_wconf 83' lang='lat'>10</span> <span class='ocrx_word' id='word_1_72' title='bbox 171 1308 320 1384; x_wconf 84' lang='lat' dir='ltr'>probandi,</span> <span class='ocrx_word' id='word_1_73' title='bbox 341 1309 384 1365; x_wconf 83' lang='lat' dir='ltr'>rel</span> <span class='ocrx_word' id='word_1_74' title='bbox 412 1309 560 1366; x_wconf 80' lang='lat' dir='ltr'>refellendi</span> <span class='ocrx_word' id='word_1_75' title='bbox 587 1310 685 1380; x_wconf 72' lang='lat' dir='ltr'>causi,</span> <span class='ocrx_word' id='word_1_76' title='bbox 709 1310 873 1385; x_wconf 85' lang='lat' dir='ltr'>disputatio,</span> <span class='ocrx_word' id='word_1_77' title='bbox 894 1329 953 1367; x_wconf 91' lang='lat' dir='ltr'>non</span> 
     </span>
     <span class='ocr_line' id='line_1_12' title="bbox 171 1404 953 1478; baseline 0 -16"><span class='ocrx_word' id='word_1_78' title='bbox 171 1404 325 1462; x_wconf 74' lang='lat' dir='ltr'>mediocris</span> <span class='ocrx_word' id='word_1_79' title='bbox 348 1404 540 1462; x_wconf 83' lang='lat' dir='ltr'>contentionis</span> <span class='ocrx_word' id='word_1_80' title='bbox 567 1415 619 1475; x_wconf 88' lang='lat' dir='ltr'>est,</span> <span class='ocrx_word' id='word_1_81' title='bbox 641 1405 683 1462; x_wconf 87' lang='lat' dir='ltr'>vol</span> <span class='ocrx_word' id='word_1_82' title='bbox 712 1405 747 1462; x_wconf 91' lang='lat' dir='ltr'>ad</span> <span class='ocrx_word' id='word_1_83' title='bbox 775 1406 953 1478; x_wconf 79' lang='lat' dir='ltr'>memoriam,</span> 
     </span>
     <span class='ocr_line' id='line_1_13' title="bbox 171 1500 476 1559; baseline -0.01 -1"><span class='ocrx_word' id='word_1_84' title='bbox 171 1501 215 1558; x_wconf 83' lang='lat' dir='ltr'>rel</span> <span class='ocrx_word' id='word_1_85' title='bbox 229 1501 265 1558; x_wconf 87' lang='lat' dir='ltr'>ad</span> <span class='ocrx_word' id='word_1_86' title='bbox 280 1500 457 1559; x_wconf 85' lang='lat' dir='ltr'>imitandum.</span> <span class='ocrx_word' id='word_1_87' title='bbox 473 1550 476 1555; x_wconf 93' lang='grc'><em>,</em></span> 
     </span>
    </p>
   </div>
   <div class='ocr_carea' id='block_1_3' title="bbox 209 1655 953 1768">
    <p class='ocr_par' dir='ltr' id='par_1_5' title="bbox 209 1655 953 1768">
     <span class='ocr_line' id='line_1_14' title="bbox 209 1655 953 1768; baseline -0.001 -16"><span class='ocrx_word' id='word_1_88' title='bbox 209 1693 289 1753; x_wconf 80' lang='lat' dir='ltr'>Lxr.</span> <span class='ocrx_word' id='word_1_89' title='bbox 320 1693 394 1752; x_wconf 79' lang='lat' dir='ltr'>nm</span> <span class='ocrx_word' id='word_1_90' title='bbox 415 1655 482 1752; x_wconf 69' lang='lat' dir='ltr'>vera</span> <span class='ocrx_word' id='word_1_91' title='bbox 502 1695 555 1752; x_wconf 81' lang='lat' dir='ltr'>nn</span> <span class='ocrx_word' id='word_1_92' title='bbox 576 1693 720 1764; x_wconf 69' lang='lat' dir='ltr'>nonina,</span> <span class='ocrx_word' id='word_1_93' title='bbox 735 1693 821 1768; x_wconf 88' lang='lat' dir='ltr'>quod,</span> <span class='ocrx_word' id='word_1_94' title='bbox 842 1693 953 1751; x_wconf 70' lang='lat' dir='ltr'>meher-</span> 
     </span>
    </p>
   </div>
   <div class='ocr_carea' id='block_1_4' title="bbox 170 1789 1047 1872">
    <p class='ocr_par' dir='ltr' id='par_1_6' title="bbox 170 1789 1047 1872">
     <span class='ocr_line' id='line_1_15' title="bbox 170 1789 1047 1872; baseline -0.001 -23"><span class='ocrx_word' id='word_1_95' title='bbox 170 1791 246 1863; x_wconf 88' lang='lat' dir='ltr'>oule,</span> <span class='ocrx_word' id='word_1_96' title='bbox 269 1809 368 1848; x_wconf 83' lang='lat' dir='ltr'>vereor</span> <span class='ocrx_word' id='word_1_97' title='bbox 385 1798 428 1848; x_wconf 70' lang='lat' dir='ltr'>&#39;ne</span> <span class='ocrx_word' id='word_1_98' title='bbox 450 1791 587 1872; x_wconf 77' lang='lat' dir='ltr'>majorem</span> <span class='ocrx_word' id='word_1_99' title='bbox 613 1791 668 1847; x_wconf 88' lang='lat' dir='ltr'>vim</span> <span class='ocrx_word' id='word_1_100' title='bbox 693 1789 726 1847; x_wconf 94' lang='lat' dir='ltr'>ad</span> <span class='ocrx_word' id='word_1_101' title='bbox 751 1789 951 1848; x_wconf 87' lang='lat' dir='ltr'>deterrendum</span> <span class='ocrx_word' id='word_1_102' title='bbox 1046 1835 1047 1840; x_wconf 14' lang='grc' dir='ltr'><strong>κ</strong></span> 
     </span>
    </p>
   </div>
   <div class='ocr_carea' id='block_1_5' title="bbox 122 1874 952 2537">
    <p class='ocr_par' dir='ltr' id='par_1_7' title="bbox 124 1874 952 2349">
     <span class='ocr_line' id='line_1_16' title="bbox 124 1874 952 1961; baseline -0.005 -15"><span class='ocrx_word' id='word_1_103' title='bbox 124 1896 155 1946; x_wconf 87' lang='grc'>15</span> <span class='ocrx_word' id='word_1_104' title='bbox 170 1887 311 1959; x_wconf 85' lang='lat' dir='ltr'>habuerit,</span> <span class='ocrx_word' id='word_1_105' title='bbox 325 1874 409 1961; x_wconf 85' lang='lat' dir='ltr'>quarn</span> <span class='ocrx_word' id='word_1_106' title='bbox 424 1888 459 1944; x_wconf 85' lang='lat' dir='ltr'>ad</span> <span class='ocrx_word' id='word_1_107' title='bbox 474 1885 690 1946; x_wconf 73' lang='lat' dir='ltr'>cohortandum.</span> <span class='ocrx_word' id='word_1_108' title='bbox 730 1883 854 1942; x_wconf 86' lang='lat' dir='ltr'>Voluisti</span> <span class='ocrx_word' id='word_1_109' title='bbox 873 1885 952 1942; x_wconf 82' lang='lat' dir='ltr'>anim</span> 
     </span>
     <span class='ocr_line' id='line_1_17' title="bbox 170 1981 950 2059; baseline -0.003 -19"><span class='ocrx_word' id='word_1_110' title='bbox 170 1984 200 2041; x_wconf 90' lang='lat' dir='ltr'>in</span> <span class='ocrx_word' id='word_1_111' title='bbox 227 2002 279 2041; x_wconf 84' lang='lat' dir='ltr'>suo</span> <span class='ocrx_word' id='word_1_112' title='bbox 307 2001 412 2059; x_wconf 85' lang='lat' dir='ltr'>genere</span> <span class='ocrx_word' id='word_1_113' title='bbox 445 2000 675 2056; x_wconf 90' lang='lat' dir='ltr'>unumquemque</span> <span class='ocrx_word' id='word_1_114' title='bbox 707 1981 834 2038; x_wconf 81' lang='lat' dir='ltr'>nostrdm</span> <span class='ocrx_word' id='word_1_115' title='bbox 869 1981 950 2056; x_wconf 82' lang='lat' dir='ltr'><strong>quasi</strong></span> 
     </span>
     <span class='ocr_line' id='line_1_18' title="bbox 170 2077 949 2152; baseline 0 -18"><span class='ocrx_word' id='word_1_116' title='bbox 170 2079 313 2152; x_wconf 87' lang='lat' dir='ltr'>quendam</span> <span class='ocrx_word' id='word_1_117' title='bbox 326 2097 390 2134; x_wconf 87' lang='lat' dir='ltr'>esse</span> <span class='ocrx_word' id='word_1_118' title='bbox 405 2077 565 2146; x_wconf 65' lang='lat' dir='ltr'>Roscium</span> <span class='ocrx_word' id='word_1_119' title='bbox 587 2077 748 2152; x_wconf 87' lang='lat' dir='ltr'>dixistique,</span> <span class='ocrx_word' id='word_1_120' title='bbox 762 2095 818 2134; x_wconf 88' lang='lat' dir='ltr'>non</span> <span class='ocrx_word' id='word_1_121' title='bbox 833 2086 889 2134; x_wconf 86' lang='lat' dir='ltr'>tarn</span> <span class='ocrx_word' id='word_1_122' title='bbox 904 2096 949 2148; x_wconf 86' lang='lat' dir='ltr'>ea,</span> 
     </span>
     <span class='ocr_line' id='line_1_19' title="bbox 170 2172 950 2248; baseline 0.001 -18"><span class='ocrx_word' id='word_1_123' title='bbox 170 2192 233 2248; x_wconf 83' lang='lat' dir='ltr'>quae</span> <span class='ocrx_word' id='word_1_124' title='bbox 259 2183 340 2231; x_wconf 86' lang='lat' dir='ltr'>reeta</span> <span class='ocrx_word' id='word_1_125' title='bbox 371 2183 476 2243; x_wconf 88' lang='lat' dir='ltr'>essent,</span> <span class='ocrx_word' id='word_1_126' title='bbox 501 2172 626 2247; x_wconf 91' lang='lat' dir='ltr'>probari,</span> <span class='ocrx_word' id='word_1_127' title='bbox 654 2191 748 2246; x_wconf 86' lang='lat' dir='ltr'>quam,</span> <span class='ocrx_word' id='word_1_128' title='bbox 776 2192 838 2247; x_wconf 82' lang='lat' dir='ltr'>qum</span> <span class='ocrx_word' id='word_1_129' title='bbox 864 2191 950 2247; x_wconf 90' lang='lat' dir='ltr'>prava</span> 
     </span>
     <span class='ocr_line' id='line_1_20' title="bbox 172 2267 949 2349; baseline -0.003 -23"><span class='ocrx_word' id='word_1_130' title='bbox 172 2267 277 2349; x_wconf 88' lang='lat' dir='ltr'>[sunt],</span> <span class='ocrx_word' id='word_1_131' title='bbox 292 2268 413 2326; x_wconf 78' lang='lat' dir='ltr'>fastidiis</span> <span class='ocrx_word' id='word_1_132' title='bbox 431 2268 640 2325; x_wconf 86' lang='lat' dir='ltr'>adhaeresoere:</span> <span class='ocrx_word' id='word_1_133' title='bbox 662 2269 736 2343; x_wconf 88' lang='lat' dir='ltr'>qnod</span> <span class='ocrx_word' id='word_1_134' title='bbox 751 2287 805 2344; x_wconf 83' lang='lat' dir='ltr'>ego</span> <span class='ocrx_word' id='word_1_135' title='bbox 819 2287 876 2324; x_wconf 93' lang='lat' dir='ltr'>non</span> <span class='ocrx_word' id='word_1_136' title='bbox 891 2280 949 2325; x_wconf 91' lang='lat' dir='ltr'>tam</span> 
     </span>
    </p>

    <p class='ocr_par' dir='ltr' id='par_1_8' title="bbox 122 2363 949 2537">
     <span class='ocr_line' id='line_1_21' title="bbox 122 2363 949 2439; baseline -0.004 -15"><span class='ocrx_word' id='word_1_137' title='bbox 122 2374 155 2424; x_wconf 54' lang='grc' dir='ltr'>ἢ)</span> <span class='ocrx_word' id='word_1_138' title='bbox 170 2363 316 2423; x_wconf 81' lang='lat' dir='ltr'>fastidiose</span> <span class='ocrx_word' id='word_1_139' title='bbox 329 2364 359 2421; x_wconf 94' lang='lat' dir='ltr'>in</span> <span class='ocrx_word' id='word_1_140' title='bbox 373 2364 456 2421; x_wconf 90' lang='lat' dir='ltr'>nobis</span> <span class='ocrx_word' id='word_1_141' title='bbox 476 2383 560 2439; x_wconf 90' lang='lat' dir='ltr'>quam</span> <span class='ocrx_word' id='word_1_142' title='bbox 575 2364 604 2421; x_wconf 94' lang='lat' dir='ltr'>in</span> <span class='ocrx_word' id='word_1_143' title='bbox 621 2364 806 2422; x_wconf 89' lang='lat' dir='ltr'>histrionibus</span> <span class='ocrx_word' id='word_1_144' title='bbox 826 2364 949 2438; x_wconf 80' lang='lat' dir='ltr'>spectari</span> 
     </span>
     <span class='ocr_line' id='line_1_22' title="bbox 168 2459 949 2537; baseline 0 -19"><span class='ocrx_word' id='word_1_145' title='bbox 168 2472 246 2537; x_wconf 90' lang='lat' dir='ltr'>puto.</span> <span class='ocrx_word' id='word_1_146' title='bbox 300 2459 400 2534; x_wconf 87' lang='lat' dir='ltr'>Itaque</span> <span class='ocrx_word' id='word_1_147' title='bbox 432 2477 486 2516; x_wconf 89' lang='lat' dir='ltr'>nos</span> <span class='ocrx_word' id='word_1_148' title='bbox 519 2478 622 2518; x_wconf 84' lang='lat' dir='ltr'>raucos</span> <span class='ocrx_word' id='word_1_149' title='bbox 654 2479 729 2534; x_wconf 82' lang='lat' dir='ltr'>saepe</span> <span class='ocrx_word' id='word_1_150' title='bbox 762 2460 949 2528; x_wconf 76' lang='lat' dir='ltr'>attentissime</span> 
     </span>
    </p>
   </div>
   <div class='ocr_carea' id='block_1_6' title="bbox 170 2556 1047 2634">
    <p class='ocr_par' dir='ltr' id='par_1_9' title="bbox 170 2556 1047 2634">
     <span class='ocr_line' id='line_1_23' title="bbox 170 2556 1047 2634; baseline -0.008 -19"><span class='ocrx_word' id='word_1_151' title='bbox 170 2557 261 2615; x_wconf 80' lang='lat' dir='ltr'>audiri</span> <span class='ocrx_word' id='word_1_152' title='bbox 275 2556 367 2626; x_wconf 87' lang='lat' dir='ltr'>video,</span> <span class='ocrx_word' id='word_1_153' title='bbox 382 2556 475 2633; x_wconf 86' lang='lat' dir='ltr'>(tenet</span> <span class='ocrx_word' id='word_1_154' title='bbox 492 2556 568 2612; x_wconf 88' lang='lat' dir='ltr'>enirn</span> <span class='ocrx_word' id='word_1_155' title='bbox 589 2575 634 2614; x_wconf 87' lang='lat' dir='ltr'>res</span> <span class='ocrx_word' id='word_1_156' title='bbox 654 2556 715 2630; x_wconf 89' lang='lat' dir='ltr'>ipsa</span> <span class='ocrx_word' id='word_1_157' title='bbox 736 2566 818 2630; x_wconf 85' lang='lat' dir='ltr'>atque</span> <span class='ocrx_word' id='word_1_158' title='bbox 837 2558 947 2634; x_wconf 84' lang='lat' dir='ltr'>eausa),</span> <span class='ocrx_word' id='word_1_159' title='bbox 1046 2603 1047 2608; x_wconf 73' lang='grc'>,</span> 
     </span>
    </p>
   </div>
   <div class='ocr_carea' id='block_1_7' title="bbox 122 2651 950 3110">
    <p class='ocr_par' dir='ltr' id='par_1_10' title="bbox 122 2651 950 3110">
     <span class='ocr_line' id='line_1_24' title="bbox 169 2651 948 2727; baseline 0.001 -19"><span class='ocrx_word' id='word_1_160' title='bbox 169 2662 198 2708; x_wconf 85' lang='lat' dir='ltr'>at</span> <span class='ocrx_word' id='word_1_161' title='bbox 217 2652 367 2727; x_wconf 86' lang='lat' dir='ltr'>AEsopum,</span> <span class='ocrx_word' id='word_1_162' title='bbox 387 2651 412 2708; x_wconf 86' lang='lat' dir='ltr'>si</span> <span class='ocrx_word' id='word_1_163' title='bbox 438 2651 553 2725; x_wconf 90' lang='lat' dir='ltr'>paulum</span> <span class='ocrx_word' id='word_1_164' title='bbox 581 2651 735 2721; x_wconf 86' lang='lat' dir='ltr'>irrauserit,</span> <span class='ocrx_word' id='word_1_165' title='bbox 760 2651 879 2726; x_wconf 83' lang='lat' dir='ltr'>explodi.</span> <span class='ocrx_word' id='word_1_166' title='bbox 921 2652 948 2708; x_wconf 82' lang='lat' dir='ltr'><strong>A</strong></span> 
     </span>
     <span class='ocr_line' id='line_1_25' title="bbox 169 2745 947 2821; baseline -0.003 -18"><span class='ocrx_word' id='word_1_167' title='bbox 169 2746 271 2821; x_wconf 84' lang='lat' dir='ltr'>quibus</span> <span class='ocrx_word' id='word_1_168' title='bbox 297 2745 374 2803; x_wconf 89' lang='lat' dir='ltr'>enim</span> <span class='ocrx_word' id='word_1_169' title='bbox 400 2745 472 2802; x_wconf 89' lang='lat' dir='ltr'>nihil</span> <span class='ocrx_word' id='word_1_170' title='bbox 505 2754 606 2820; x_wconf 86' lang='lat' dir='ltr'>praeter</span> <span class='ocrx_word' id='word_1_171' title='bbox 638 2747 811 2820; x_wconf 87' lang='lat' dir='ltr'>voluptatem</span> <span class='ocrx_word' id='word_1_172' title='bbox 838 2747 947 2803; x_wconf 86' lang='lat' dir='ltr'>aurium</span> 
     </span>
     <span class='ocr_line' id='line_1_26' title="bbox 122 2841 948 2918; baseline -0.001 -19"><span class='ocrx_word' id='word_1_173' title='bbox 122 2856 154 2907; x_wconf 57' lang='grc' dir='ltr'>π</span> <span class='ocrx_word' id='word_1_174' title='bbox 169 2843 312 2918; x_wconf 74' lang='lat' dir='ltr'>quaritur,</span> <span class='ocrx_word' id='word_1_175' title='bbox 328 2842 357 2899; x_wconf 91' lang='lat' dir='ltr'>in</span> <span class='ocrx_word' id='word_1_176' title='bbox 371 2842 407 2898; x_wconf 90' lang='lat' dir='ltr'>iis</span> <span class='ocrx_word' id='word_1_177' title='bbox 420 2841 584 2911; x_wconf 85' lang='lat' dir='ltr'>offenditur,</span> <span class='ocrx_word' id='word_1_178' title='bbox 598 2841 681 2898; x_wconf 89' lang='lat' dir='ltr'>simul</span> <span class='ocrx_word' id='word_1_179' title='bbox 703 2851 786 2915; x_wconf 90' lang='lat' dir='ltr'>atque</span> <span class='ocrx_word' id='word_1_180' title='bbox 806 2841 948 2898; x_wconf 90' lang='lat' dir='ltr'>imminui·</span> 
     </span>
     <span class='ocr_line' id='line_1_27' title="bbox 168 2936 949 3014; baseline -0.001 -17"><span class='ocrx_word' id='word_1_181' title='bbox 168 2949 214 2998; x_wconf 83' lang='lat' dir='ltr'>tur</span> <span class='ocrx_word' id='word_1_182' title='bbox 235 2938 339 3014; x_wconf 75' lang='lat' dir='ltr'>aliquid</span> <span class='ocrx_word' id='word_1_183' title='bbox 360 2938 396 2994; x_wconf 88' lang='lat' dir='ltr'>de</span> <span class='ocrx_word' id='word_1_184' title='bbox 417 2937 568 3012; x_wconf 85' lang='lat' dir='ltr'>voluptate.</span> <span class='ocrx_word' id='word_1_185' title='bbox 614 2936 649 2994; x_wconf 91' lang='lat' dir='ltr'>In</span> <span class='ocrx_word' id='word_1_186' title='bbox 670 2937 833 3014; x_wconf 59' lang='lat' dir='ltr'>eloquentia¹</span> <span class='ocrx_word' id='word_1_187' title='bbox 853 2947 949 2996; x_wconf 86' lang='lat' dir='ltr'>autem</span> 
     </span>
     <span class='ocr_line' id='line_1_28' title="bbox 168 3031 950 3110; baseline 0.001 -15"><span class='ocrx_word' id='word_1_188' title='bbox 168 3035 259 3095; x_wconf 79' lang='lat' dir='ltr'>multa</span> <span class='ocrx_word' id='word_1_189' title='bbox 277 3043 353 3106; x_wconf 88' lang='lat' dir='ltr'>sunt,</span> <span class='ocrx_word' id='word_1_190' title='bbox 367 3053 430 3110; x_wconf 76' lang='lat' dir='ltr'>qua</span> <span class='ocrx_word' id='word_1_191' title='bbox 449 3044 575 3106; x_wconf 82' lang='lat' dir='ltr'>teneant,</span> <span class='ocrx_word' id='word_1_192' title='bbox 594 3052 656 3108; x_wconf 77' lang='lat' dir='ltr'>qum</span> <span class='ocrx_word' id='word_1_193' title='bbox 676 3033 700 3091; x_wconf 83' lang='lat' dir='ltr'>ei</span> <span class='ocrx_word' id='word_1_194' title='bbox 721 3031 817 3092; x_wconf 86' lang='lat' dir='ltr'>omnia</span> <span class='ocrx_word' id='word_1_195' title='bbox 836 3051 950 3096; x_wconf 90' lang='lat' dir='ltr'>summa</span> 
     </span>
    </p>
   </div>
   <div class='ocr_carea' id='block_1_8' title="bbox 0 0 1060 3417">
    <p class='ocr_par' dir='ltr' id='par_1_11' title="bbox 0 0 1060 3417">
     <span class='ocr_line' id='line_1_29' title="bbox 0 0 1060 3417; baseline 0 2"><span class='ocrx_word' id='word_1_196' title='bbox 0 0 1060 3417; x_wconf 95' lang='lat' dir='ltr'> </span> 
     </span>
    </p>
   </div>
  </div>
 </body>
</html>
