2109 3417
117 284 160 345 'rt
441 296 484 343 na
505 294 670 343 carrona.
883 296 912 343 a.
924 296 961 343 11.

164 440 265 503 beuter
277 443 355 503 enim
368 453 407 516 te,
421 444 571 521 cognitum
588 444 649 521 J'am
662 442 813 515 artificem,
829 442 960 521 aliquau-

164 541 258 617 doque
278 540 423 600 evolutum
444 541 501 599 illis
520 540 727 619 integumentis
754 539 960 599 dissimulatio-

164 637 211 695 nis
230 647 297 708 ture,
316 637 523 713 nudatumque,
543 636 705 714 perspicio:
726 648 765 710 et,
786 638 863 713 quod
884 637 959 695 mihi

164 733 247 804 nihil,
267 744 317 791 aut
336 734 413 809 quod
432 752 491 791 non
512 734 633 791 multum
655 734 804 809 relinquis,
824 752 959 809 percom-

134 830 249 889 5mode
275 830 357 903 sacis,
385 840 485 907 estque
511 830 583 887 mihi
609 840 730 907 gratum.
785 828 850 887 Jarn
878 830 958 889 istuc

164 940 302 1002 quantum
326 926 380 984 tibi
406 945 462 1003 ego
488 925 663 1001 reliquerim,
685 926 778 1002 inquit
798 926 956 999 Antonius,

163 1022 219 1081 erit
238 1022 269 1080 iu
288 1023 340 1081 tud
358 1033 513 1098 potestate:
534 1022 650 1081 sienim
671 1040 737 1079 vere
759 1041 843 1099 agere
858 1022 957 1081 volue-

163 1118 212 1189 ris,
240 1118 338 1176 omnia
363 1118 415 1177 tibi
442 1118 589 1194 relinquo;
624 1118 669 1177 siu
703 1118 894 1191 dissimulare,
921 1129 955 1175 tu

163 1215 402 1288 quemadmodum
423 1215 467 1271 his
486 1214 655 1287 satisfacias,
677 1214 790 1273 videris.
832 1214 902 1287 Sed,
922 1225 957 1273 ut

119 1320 150 1369 1⁰
164 1310 198 1368 ad
226 1328 287 1367 rem
313 1310 439 1382 redeam,
465 1329 524 1369 non
558 1330 621 1369 sum
648 1320 729 1368 tanto
756 1330 821 1389 ego,
849 1310 955 1387 inquit,

163 1405 290 1483 ingenio,
305 1417 413 1481 quanto
432 1406 646 1465 Themistocles
667 1406 730 1479 fuit,
749 1418 781 1465 ut
801 1406 956 1467 oblivionis

164 1510 264 1574 artem,
285 1522 371 1578 quam
391 1503 546 1575 memoriae,
567 1504 681 1561 malim:
705 1503 884 1581 gratiamque
905 1504 956 1563 ha·

166 1598 219 1657 beo
246 1599 390 1658 Simonidi
417 1598 458 1656 illi
485 1599 558 1671 Ceo,
585 1618 669 1675 quero
700 1599 822 1675 primum
857 1600 956 1660 serunt

164 1708 254 1756 artem
274 1696 419 1755 memoriae
439 1696 598 1771 protulisse.
639 1695 750 1754 Dicunt
775 1696 863 1767 enim,
885 1716 954 1755 cum

118 1804 150 1853 15
164 1804 291 1852 coeuaret
304 1794 459 1856 Crannone
472 1792 503 1851 iu
516 1792 670 1850 Thessalici
690 1791 856 1861 Simonides
876 1795 955 1869 apud

164 1892 299 1968 Scopam,
316 1890 490 1973 fortunatum
510 1888 656 1945 hominem
676 1898 705 1945 et
724 1888 861 1961 nobilem,
876 1890 955 1947 ceci·
1038 1888 1039 1940 ἒ

163 1987 307 2061 nissetqne
327 1985 357 2043 id
377 2003 504 2055 carmen,
519 1984 595 2059 quod
609 1984 638 2041 in
653 2003 718 2042 eum
735 1984 906 2060 scripsisset,
921 1986 953 2043 in

163 2102 221 2159 quc
241 2083 340 2154 multa,
361 2082 483 2140 ornandi
510 2082 609 2153 causd,
632 2086 782 2159 poetarum
809 2101 899 2155 more,
920 2083 953 2143 iu

164 2181 311 2239 Castorem
338 2179 445 2256 scripta
470 2190 500 2237 et
525 2178 673 2235 Pollucem
703 2177 836 2249 ¹fuissent,
863 2178 952 2239 nimis
1034 2240 1035 2266 ,

116 2284 148 2334 Ξῖ)
162 2275 242 2334 illum
256 2275 372 2333 sordide
386 2274 528 2334 Simonidi
543 2274 659 2346 dixisse,
674 2292 705 2331 se
719 2274 867 2332 dimidium
889 2276 952 2352 ejus
1033 2322 1034 2345 ,

162 2372 200 2443 ei,
215 2371 291 2446 quod
304 2382 406 2446 pactus
419 2381 503 2443 esset,
517 2389 569 2446 pro
584 2370 633 2427 illo
647 2370 785 2443 carmine,
800 2372 949 2444 daturum3

162 2468 303 2543 reliquum
318 2486 335 2524 a
348 2467 409 2525 suis
421 2466 607 2542 Tyndaridis,
618 2486 688 2542 quos
702 2485 781 2542 aeque
794 2467 949 2539 lauddsset,

161 2572 281 2639 peteret,
294 2563 319 2621 si
339 2562 367 2620 ei
387 2562 538 2621 videretur.
579 2562 670 2621 Paulo
689 2572 753 2638 post
773 2582 837 2621 esso
854 2562 950 2621 ferunt

161 2658 324 2717 nuntiatum
345 2657 497 2730 Simonidi,
518 2668 550 2717 ut
570 2658 709 2734 prodiret;
721 2658 851 2734 ,juvenes
873 2670 949 2717 stare

115 2763 147 2813 ὕ
163 2754 199 2812 ad
216 2754 334 2831 januam
354 2755 428 2813 duos
447 2754 595 2830 quosdam,
616 2754 666 2829 qui
685 2771 752 2811 eum
774 2772 948 2831 magnopere
1027 2784 1028 2797 κ

161 2862 331 2910 evocarent:
365 2850 521 2909 surrexisse
555 2849 644 2921 illurn,
677 2849 815 2926 prodisse,
843 2850 948 2909 vidisse

161 2948 324 3007 nemiuem:
345 2948 402 3004 boc
416 2946 530 3005 interim
544 2945 635 3021 spatio
650 2946 787 3004 conclave
801 2945 882 3017 illud,
896 2947 946 3007 ubi

162 3044 323 3123 epularetur
343 3043 461 3119 Scopas,
482 3040 662 3101 concidisse:
689 3042 724 3101 ei
743 3041 827 3101 ruini
850 3042 945 3121 ipsum
