2109 3417
124 297 217 374 uui]
407 296 451 343 us
472 296 636 346 oussorut
899 280 957 343 tlt

124 444 270 515 doetriorl,
289 455 427 519 quantum
449 464 504 503 usu
523 445 667 503 velemus:
695 462 788 519 neque
814 452 912 503 umen

125 539 199 610 istis,
213 540 262 615 qui
276 540 306 602 iu
320 540 378 598 uni
397 540 578 616 philosophie
598 540 679 615 quasi
694 539 912 597 tubernaculum

126 635 191 693 vitae
210 656 269 695 suo
289 637 478 709 collocarunt,
499 637 621 697 multum
648 654 717 695 suus
737 636 767 693 iu
787 636 913 713 disputo·

126 734 204 793 tione
218 734 411 793 oouoedimus

165 926 251 985 XXI.
279 926 364 988 Quid
383 928 460 985 euim
479 941 560 987 meus
574 928 721 987 familiaris
734 926 769 987 C.
783 924 943 995 Velleius5
1011 952 1014 962 ·

126 1022 227 1080 offerre
246 1032 348 1099 potest,
362 1025 547 1098 quamobrem
563 1024 692 1100 voluptas
712 1024 750 1083 sit
769 1040 912 1082 summum

125 1120 245 1191 bouum,
271 1120 347 1196 quod
374 1138 430 1197 ego
463 1139 522 1177 nou
556 1122 702 1196 copiosius
734 1120 842 1197 possim
868 1117 912 1176 vel
1020 1174 1022 1182 ,

125 1217 223 1288 tuturi,
237 1216 262 1274 si
282 1217 377 1287 velim,
392 1217 436 1274 rel
456 1217 596 1289 refellere,
614 1236 650 1276 ex
670 1218 726 1276 illis
745 1216 828 1288 louis,
842 1234 913 1292 quos

126 1313 259 1387 exposuit
271 1312 428 1380 Antonius,
442 1313 497 1371 hoo
516 1314 634 1371 dioendi
654 1314 868 1384 exercitatione,
882 1312 913 1372 in

127 1408 183 1482 qut
207 1407 336 1466 Velleius
369 1417 412 1464 est
445 1408 534 1480 rudis,
562 1409 758 1483 unusquisque
784 1409 913 1467 nostrum
929 1411 959 1460 10

127 1505 275 1561 versutusl
317 1503 401 1566 Quid
420 1514 473 1575 est,
495 1504 570 1581 quod
593 1515 641 1561 out
662 1504 727 1561 Sex.
749 1503 912 1577 Pompeius,

127 1608 178 1659 aut
195 1600 253 1657 duo
272 1600 364 1672 Bulbi,
380 1610 429 1658 out
441 1618 523 1659 meus
538 1600 657 1672 amieos,
672 1600 720 1674 qui
735 1617 802 1656 oum
815 1599 915 1656 Panae·

126 1696 171 1753 tio
204 1696 283 1767 vixit,
316 1696 358 1755 M.
386 1696 538 1774 Vigellius,
566 1696 602 1753 de
629 1696 733 1754 virtute
765 1694 914 1753 hominum

128 1791 223 1851 stoici
248 1793 359 1867 possint
384 1793 492 1865 disere,
513 1792 570 1868 qutl
591 1792 623 1869 iu
642 1790 835 1869 disputatione
858 1809 914 1868 ego

127 1888 174 1946 liis
193 1887 323 1959 debeam,
345 1899 393 1947 out
412 1889 537 1947 vestrum
556 1888 714 1964 quisquam,
734 1887 913 1945 concederet
930 1894 960 1944 15

127 1983 197 2043 Non
210 1994 254 2043 est
267 1984 345 2042 euim
364 1985 544 2061 philosophia
563 1985 664 2043 similis
678 1984 780 2043 artium
795 1984 915 2059 reliqua·

126 2098 209 2138 rum:
242 2098 309 2137 nam
333 2080 402 2155 quid
428 2080 515 2139 leeiet
539 2080 568 2139 in
591 2079 759 2157 geometria,
784 2078 832 2153 qui
856 2096 914 2137 non

128 2176 283 2235 didioeritl
305 2177 375 2251 quid
389 2176 420 2234 in
433 2176 572 2234 musicisl
593 2186 641 2233 eut
654 2185 748 2234 taceat
761 2175 914 2250 oportebit,

129 2282 180 2328 sut
193 2290 229 2329 ue
246 2291 334 2331 senus
347 2272 463 2346 quidem
480 2272 632 2348 judicetur.
674 2271 748 2329 Haeo
762 2288 838 2343 vero,
852 2290 915 2345 qua

130 2375 198 2423 suut
223 2367 254 2424 in
279 2367 470 2443 philosophis,
493 2367 616 2445 ingeniis
642 2377 790 2439 eruuntur,
812 2367 848 2425 ud
875 2368 914 2441 id,
930 2378 962 2428 2⁰

130 2462 206 2536 quod
220 2461 250 2519 iu
264 2481 377 2538 quoque
389 2463 544 2520 verisimile
557 2473 610 2535 est,
625 2462 808 2536 eliciendum,
824 2465 915 2523 acutis

132 2567 217 2632 utque
230 2558 361 2629 auribus3
381 2574 473 2633 etque
486 2558 644 2619 exercitati
663 2558 793 2617 oratione
805 2560 916 2635 poliun-

130 2664 186 2715 tur.
237 2652 297 2711 Hic
317 2664 413 2711 nomer
432 2654 558 2731 vulgaris
578 2664 681 2727 oretur,
702 2655 727 2713 si
747 2656 842 2713 miuus
861 2657 915 2715 erit

129 2752 242 2822 doctus,
256 2760 382 2808 attamen
396 2750 564 2809 indicendo
583 2752 766 2823 exercitatus,
779 2752 835 2810 huo
854 2752 916 2829 ipsi

129 2847 339 2907 exercitatione
357 2846 515 2919 eommrmi,
536 2847 605 2905 istos
631 2847 747 2923 quidem
775 2846 914 2929 [nostros]
931 2860 964 2911 fl

131 2943 303 3016 verberabit,
317 2959 412 3020 neque
431 2962 464 3003 se
483 2945 518 3003 sb
532 2943 569 3005 iis
588 2944 734 3003 eontemui
755 2963 790 3004 ue
807 2943 917 3020 despiui

131 3042 215 3106 unet
256 3042 309 3131 ξιιι
324 3037 426 3119 eliquis
445 3041 585 3104 exstiterit
599 3040 762 3117 ululando,
775 3040 824 3116 qui
837 3040 918 3099 Ari»
