2109 3417
82 227 119 283 lo
401 232 443 281 nn
466 232 630 279 onironn.
842 233 911 293 [ns

125 381 386 456 quentissimorum,
412 391 440 438 et
466 381 547 438 omni
572 380 713 457 dignitate
737 380 910 456 principum,

125 477 317 552 disputatione
344 496 407 533 esse
428 488 555 535 versata:
584 496 642 534 non
662 477 740 552 quod
766 476 816 534 illa
842 494 912 533 con·

124 582 260 645 temnam,
281 592 344 649 quae
364 573 460 631 Graeci
483 573 600 631 dicendi
621 573 745 631 artifices
765 583 794 630 et
813 573 912 629 docto-

125 688 170 725 res
203 669 396 745 raliquerunt;
437 669 498 740 sed,
533 687 600 727 cum
639 669 689 725 illa
720 679 846 742 pateant,
879 668 911 725 in

95 774 314 841 5promptuque
341 766 398 823 sint
425 766 569 836 omnibus,
593 784 686 838 neque
714 782 749 821 ea
775 764 912 839 interpre-

125 862 234 920 tatione
254 862 319 917 merl
340 872 389 919 aut
408 861 537 919 ornatius
557 860 695 936 explicari
723 870 772 917 aut
797 860 911 936 planius

126 957 244 1033 exprimi
265 957 384 1033 possint,
406 958 488 1015 dabis
509 958 586 1015 hanc
607 957 729 1027 veniam,
750 956 790 1013 mi
814 957 909 1027 frater,

126 1065 157 1111 ut
171 1053 282 1129 opinor,
299 1063 329 1110 ut
349 1072 457 1124 eorum,
473 1053 577 1128 quibus
595 1072 707 1110 summa
719 1052 835 1109 dicendi
848 1053 911 1111 laus

127 1150 266 1208 anostris
287 1149 452 1207 bominibus
479 1168 617 1207 concessa
637 1158 690 1218 est,
712 1148 910 1206 auctoritatem

80 1256 111 1307 m
125 1246 236 1305 Graecis
251 1256 430 1321 anteponam.

164 1438 231 1498 VII.
256 1439 331 1497 Cum
353 1438 440 1517 igitur
460 1439 658 1497 vehementius
678 1439 859 1498 inveheretur
878 1439 909 1496 in

126 1554 241 1595 causam
267 1536 429 1612 principum
456 1535 557 1594 consul
583 1536 740 1611 Philippus,
765 1536 910 1610 Drusique

124 1632 295 1707 tribunatus,
323 1651 374 1709 pro
401 1631 517 1691 senatuis
547 1632 718 1690 auctoritate
750 1643 909 1709 susceptus,

125 1728 242 1806 infringi
265 1730 324 1806 jam
345 1729 546 1804 debilitarique
565 1730 725 1800 videretur;
753 1729 812 1787 dici
838 1729 910 1787 mihi

80 1834 111 1883 15
125 1825 252 1893 memini,
273 1825 405 1884 ludorum
426 1825 625 1884 Romanorum
644 1825 756 1896 diebus,
777 1825 810 1883 L.
826 1824 911 1883 Cras·

124 1940 197 1993 sum,
212 1922 292 1997 quasi
313 1922 468 1999 colligendi
489 1922 535 1979 sui
555 1922 653 1992 causti,
667 1940 699 1978 se
719 1922 749 1979 in
767 1921 910 1979 Tuscula·

124 2036 194 2074 num
214 2017 386 2075 contulisse:
408 2018 520 2075 venisse
541 2017 653 2087 eodem,
670 2015 766 2093 [socer
784 2017 909 2092 ejusqui

126 2111 241 2191 fuerat]
258 2112 389 2174 Quintus
402 2111 520 2170 Mucius
540 2113 699 2183 dicebatur,
713 2123 743 2170 et
762 2111 804 2169 M.
816 2097 910 2170 'Anto-

124 2206 200 2278 nius,
222 2207 308 2264 bomo
328 2217 357 2264 et
378 2207 564 2265 consiliorum
585 2207 615 2277 in
635 2210 782 2284 republicd
801 2210 907 2280 socius,

78 2315 109 2366 ao
124 2312 153 2361 et
173 2303 284 2361 summai
305 2322 371 2361 cum
391 2302 497 2360 Crasso
518 2302 709 2361 familiaritate
727 2305 907 2380 conjunctus.

125 2398 261 2457 Exierant
282 2407 376 2457 autern
397 2418 464 2456 cum
491 2399 554 2475 ipso
580 2400 685 2459 Crasso
712 2400 910 2460 adolescentes

124 2495 192 2567 duo,
220 2494 308 2553 Drusi
340 2495 464 2553 maxime
497 2496 660 2567 familiares,
687 2506 716 2553 et
742 2497 772 2554 in
805 2497 909 2571 quibus

124 2610 257 2669 magnam
277 2602 338 2649 tum
359 2610 438 2668 spem
458 2593 579 2668 majores
598 2604 667 2651 natu
687 2593 834 2669 dignitatis
849 2614 909 2653 sure

125 2688 310 2759 collocaram,
325 2687 359 2746 C.
375 2688 470 2759 Cotta,
486 2688 609 2763 quitum
623 2689 799 2747 tribunatum
816 2691 909 2766 plebis

78 2784 248 2859 25petebat,
280 2794 309 2841 et
341 2784 372 2841 P.
402 2784 557 2859 Sulpicius,
590 2784 639 2860 qui
672 2785 810 2861 deinceps
842 2804 908 2843 eum

124 2880 321 2957 magistratum
340 2880 480 2956 petiturus
499 2881 660 2956 putabatur.
703 2881 744 2939 Hi
756 2882 847 2958 primo
859 2880 907 2937 die

126 2976 162 3037 de
185 2976 360 3054 temporibus
384 2976 450 3049 illis,
475 2978 567 3053 deque
590 2976 723 3036 universi
737 2975 907 3052 republicd,
