2109 3417
105 263 133 309 a.
144 264 176 324 n]
390 267 434 313 nu
457 266 621 313 omnuim

106 422 238 471 oratores
251 411 422 490 eloquentie
435 413 551 473 laudem
564 414 624 472 nint
637 410 742 490 adepti,
757 412 820 485 aed,
832 431 897 489 qiua

106 510 161 567 euri
195 520 296 587 sponte
330 510 461 568 homines
494 511 662 586 eloquentes
694 511 832 581 facerent,
861 528 898 568 ea

106 606 246 681 quosdam
266 608 442 678 observasse,
457 619 542 682 atque
564 605 607 684 [id
627 606 722 683 egisse
731 608 755 687 t]
769 607 813 664 aic
832 625 896 663 enac

106 720 168 759 non
189 703 380 777 eloquentiam
401 722 437 761 ex
458 704 589 774 artificio,
610 704 661 761 sed
688 703 841 761 artificium
860 722 897 760 ex

106 798 274 874 eloquentii
300 810 416 858 natum:
448 800 524 875 quod
550 810 657 871 tamen,
680 811 713 857 ut
736 811 805 858 ante
826 800 927 872 diri,5

106 913 168 952 non
182 893 285 970 ejicio:
304 906 350 953 est
364 894 452 966 euim,
467 895 579 953 etiamsi
593 894 688 957 minus
701 894 896 953 necessarium

107 988 145 1045 ad
173 988 247 1046 bene
274 988 440 1061 dicendum,
467 1000 564 1047 tamen
592 990 628 1046 ad
660 989 895 1066 cognoacendum

106 1102 166 1142 non
187 1084 335 1142 illiberale.
376 1083 416 1141 Et
435 1084 605 1142 exercitatio
624 1085 753 1159 quaedam
775 1084 897 1160 suscipi·

107 1180 185 1238 enda
210 1181 292 1238 vobis
319 1192 378 1239 est:
413 1200 574 1256 quanquam
600 1200 652 1237 uos
681 1181 796 1256 quidem
826 1181 898 1257 jam·

106 1275 219 1351 pridem
240 1276 309 1333 estis
330 1276 359 1333 in
381 1294 484 1333 cursu:
506 1276 557 1333 sed
578 1276 609 1347 ii,
626 1277 675 1351 qui
696 1277 895 1353 ingrediuntur
912 1288 944 1337 It)

107 1371 138 1429 in
153 1372 286 1442 stadium,
301 1373 407 1448 quique
424 1392 467 1443 eu,
482 1392 546 1447 quoe
567 1374 678 1449 agenda
698 1384 765 1430 suut
778 1374 809 1430 'rn
822 1373 895 1445 foro,'

107 1478 244 1549 tanquam
266 1469 296 1527 in
318 1469 389 1540 acie,
410 1480 529 1545 possunt
549 1470 634 1527 etiam
655 1489 735 1527 nunc
754 1470 896 1528 exercita·

107 1564 188 1623 tione
221 1564 302 1640 quasi
335 1565 446 1623 ludicri
479 1565 651 1642 praediscere
685 1584 721 1623 ac
751 1566 894 1623 meditari·

108 1660 197 1719 Hanc
217 1662 319 1737 ipsam,
339 1661 431 1737 inquit
458 1662 615 1738 Sulpicius,
636 1660 721 1719 ndsae
747 1662 894 1719 volumus:

109 1768 235 1815 attamen
251 1757 313 1828 ista,
328 1777 390 1833 quae
406 1758 456 1815 abs
469 1766 497 1815 te
512 1757 634 1815 breviter
648 1757 685 1814 de
699 1767 759 1815 arte
773 1757 896 1815 deum
911 1768 943 1817 15

108 1864 187 1925 eunt,
214 1854 313 1913 audire
346 1854 488 1930 cupimus,
517 1872 680 1929 quanquam
713 1865 780 1911 aunt
812 1852 895 1911 nobie

108 1969 223 2026 quoque
243 1969 301 2008 non
323 1950 460 2009 inaudita.
479 1998 483 2007 .
501 1950 611 2007 Verum
632 1950 682 2008 illa
700 1969 783 2009 mox:
805 1968 894 2021 nunc,

108 2047 145 2106 de
159 2048 222 2124 ipati
235 2048 441 2106 exercitatione
455 2048 524 2123 quid
537 2048 655 2117 sentius,
669 2048 834 2123 querimus.

147 2240 297 2299 XXXIII.
318 2240 460 2316 Equidem
473 2242 564 2317 probo
578 2241 642 2312 ista,
657 2241 778 2300 Crassus
792 2241 896 2317 inquit,

109 2355 172 2412 quae
192 2356 243 2393 ros
263 2337 358 2395 facere
378 2338 486 2409 uoletis,
508 2349 550 2410 ut,
571 2339 659 2396 causi
686 2338 782 2413 aliqud
802 2339 895 2414 positi
908 2347 943 2395 20

109 2432 254 2491 consimili
274 2452 424 2499 causarum
446 2452 554 2505 earum,
569 2455 632 2510 quae
653 2435 683 2495 iu
704 2436 797 2492 forum
818 2435 896 2493 dese·

109 2542 221 2601 tuctur,
241 2530 345 2589 dicatis
372 2550 456 2607 quam
479 2532 602 2589 maxime
624 2532 659 2589 ud
679 2532 826 2589 veritatem
848 2552 895 2590 ao·

110 2626 308 2685 commodate:
334 2628 384 2685 sed
405 2628 532 2706 plerique
553 2629 582 2686 in
603 2629 659 2686 hoc
679 2648 779 2687 vocem
799 2630 893 2701 modo,

109 2740 204 2798 neque
225 2742 287 2781 earn
310 2726 444 2796 scienter,
467 2735 497 2783 et
518 2725 593 2783 vires
612 2736 748 2783 exercent
767 2745 846 2798 euna,
866 2737 896 2784 et

109 2817 216 2896 linguae
243 2820 419 2879 celeritatem
450 2821 580 2893 incitant,
607 2823 815 2896 verborumque
842 2822 896 2879 fre·
910 2834 943 2883 25

110 2915 228 2992 quentid
255 2916 441 2975 delectantur.
492 2916 527 2975 In
555 2935 613 2993 quo
640 2917 712 2975 fallit
737 2936 798 2987 eoa,
820 2917 896 2990 quod

111 3012 274 3085 audierunt,
288 3020 306 3046 “
317 3012 443 3073 diceudo
456 3013 599 3087 homines,
612 3023 644 3071 ut
657 3014 767 3085 dicant,
780 3013 896 3071 efficere
