2109 3417
121 309 178 378 lto
440 327 484 378 nc
505 325 669 378 carrona.
858 309 963 391 [n‘rrc

165 479 322 539 mutatione
340 480 451 558 aptiusl
483 481 586 557 Itaque
603 480 678 538 idem
695 475 849 538 Gracchus
863 479 959 558 (quod

164 586 246 652 potes
273 577 381 649 audire,
409 578 522 650 Catule,
544 597 580 636 ex
606 576 732 653 Erycino
758 576 866 635 cliente
891 586 959 649 tuo,¹

164 671 278 732 literato
297 673 423 746 homine,
438 691 523 749 quem
544 692 655 732 servum
672 673 727 730 sibi
741 672 790 730 ille
803 672 904 731 habuit
919 673 959 731 ad

164 769 294 846 manum)
309 785 375 825 cum
386 767 544 826 eburnecld
558 767 660 824 solitus
670 777 713 824 est
727 766 832 828 hebere
845 765 955 839 fistuli,

129 863 213 937 oqui
233 873 320 921 staret
340 864 455 921 occulte
474 873 540 940 post
559 864 663 939 ipsum,
679 881 744 922 cum
765 863 956 921 concionare-

161 969 219 1030 tur,
233 960 356 1035 peritum
370 961 526 1033 hominem,
541 960 590 1035 qui
612 960 724 1018 inflaret
737 959 871 1017 celeriter
885 977 955 1017 eum

162 1071 275 1126 sonum,
289 1073 347 1130 quo
367 1055 447 1112 illurn
469 1064 519 1113 aut
538 1055 687 1112 remissum
708 1054 857 1126 excitaret,
874 1064 955 1114 aute

163 1151 346 1209 contentione
371 1161 527 1209 revocaret.
567 1150 687 1222 Audivi,
714 1150 891 1224 mehercule,
912 1151 954 1209 in·

161 1245 223 1320 quit
250 1246 381 1319 Catulus,
414 1256 444 1304 et
463 1265 539 1323 saepe
559 1265 623 1304 auru
645 1246 799 1305 admiratus
827 1246 953 1305 hominis

115 1346 147 1397 10
163 1361 229 1399 cum
249 1341 437 1420 diligentiam,
451 1354 513 1400 tum
533 1342 619 1401 etiam
641 1343 800 1402 doctrinam
815 1353 844 1400 et
858 1343 953 1401 scien·

160 1438 238 1496 tiam.
279 1438 344 1517 Ego
364 1458 442 1511 nero,
463 1439 556 1515 inquit
576 1440 708 1513 Crassus,
729 1455 764 1496 ac
784 1439 871 1497 doleo
891 1439 953 1517 qui-

161 1535 237 1610 dem,
252 1535 317 1594 illos
329 1535 405 1593 viros
419 1535 449 1593 in
463 1554 527 1593 eam
542 1535 670 1594 fraudem
682 1536 710 1594 in
722 1534 874 1612 republicd
888 1553 952 1594 esse
1031 1567 1032 1570 ¹

161 1629 308 1706 delapsos:
329 1647 492 1705 qumquam
508 1647 543 1688 ea
556 1630 615 1688 tela
627 1629 743 1701 texitur,
757 1642 786 1687 et
799 1647 835 1687 ea
848 1629 952 1688 incita-

160 1734 207 1782 tur
221 1725 251 1782 in
265 1725 381 1783 civitate
397 1725 470 1782 ratio
482 1724 609 1796 vivendi,
625 1743 659 1782 ac
679 1723 838 1801 posteritati
855 1736 952 1784 osten·

115 1818 247 1890 luditur,
262 1829 294 1876 ut
313 1837 412 1877 eorum
433 1816 550 1890 civium,
571 1836 643 1893 quos
661 1818 756 1892 ,nostri
775 1827 873 1895 patres
893 1839 952 1879 nou

159 1915 296 1985 tulerunt,
314 1915 373 1991 jam
397 1913 506 1972 similes
525 1914 631 1971 habere
651 1913 809 1990 cupiamus.
851 1913 951 1987 Mitte,

159 2011 289 2081 obsecro,
303 2010 406 2085 inquit,
421 2010 536 2081 Crasse,
551 2009 656 2082 tulius,
675 2027 837 2068 sermonem
851 2010 950 2084 istum,
1029 2065 1030 2086 ,

159 2115 189 2163 et
208 2116 237 2163 te
257 2106 293 2163 'ad
312 2106 440 2165 Gracchi
460 2106 583 2165 fistulam
600 2107 690 2179 reler3
712 2107 794 2185 cujus
807 2125 864 2186 ego
879 2125 951 2167 uon·
1029 2091 1030 2104 i

158 2203 227 2260 dum
240 2202 325 2278 plane
339 2204 479 2263 rationem
494 2203 633 2282 intelligo.

110 2395 143 2446 ὓ
197 2394 277 2454 LXI.
311 2395 346 2455 ln
359 2397 440 2455 omni
453 2415 535 2470 voce,
550 2397 643 2475 inquit
657 2397 788 2472 Crassus,
803 2397 950 2478 estquod·

158 2491 223 2549 dam
237 2493 374 2567 medium,
388 2494 439 2552 sed
457 2513 540 2552 sunm
555 2495 661 2571 cuique
674 2496 747 2555 voci.
789 2496 871 2556 Hinc
885 2517 950 2577 gra·

157 2588 246 2646 datim
271 2591 426 2648 ascendere
448 2609 548 2648 rocem
564 2591 636 2649 utile
657 2601 686 2649 ct
700 2611 786 2652 suave
799 2605 843 2652 est
864 2594 947 2672 (rrum

158 2687 336 2763 aprincipio
359 2688 494 2759 clamare,
520 2697 632 2765 agreste
658 2689 793 2764 quiddam
819 2693 889 2771 est)
918 2703 948 2750 et

156 2781 232 2840 idem
259 2783 329 2840 illud
357 2784 393 2841 ad
419 2783 588 2842 firmandum
615 2794 658 2842 est
684 2803 785 2843 vocem
811 2787 945 2848 salutare

108 2887 142 2936 te
156 2878 269 2937 Deinde
295 2890 340 2937 est
368 2879 512 2954 quoddam
546 2881 742 2940 contentionis
773 2891 944 2957 extremum,

156 2974 247 3053 (quod
266 2984 361 3033 tamen
382 2974 503 3033 interius
521 2987 575 3049 est,
590 2995 676 3054 quam
691 2977 873 3038 acutissimus
887 2979 946 3039 cla-

155 3073 230 3152 mor)
240 3089 298 3149 quo
310 3079 341 3128 te
353 3069 447 3130 fistula
459 3074 593 3152 progredi
609 3071 696 3158 [non]
712 3075 786 3134 sinet
805 3085 943 3136 ettamen
1024 3115 1025 3151 ,
