2109 3417
102 260 141 321 38
422 269 465 316 na
487 268 653 315 ousnoau
864 267 903 327 [a.
914 265 935 313 r.

148 418 319 499 appellabat)
340 418 438 476 referti
459 428 555 475 essent
576 436 676 475 eorum
697 416 781 487 libri;
808 416 847 474 de
865 415 935 473 civi·

146 512 252 573 tatibus
279 515 470 588 instituendis,
499 515 535 571 de
562 514 723 571 scribendis
748 513 873 591 legibus,
897 512 934 569 de

147 611 288 687 aequitate,
317 611 352 669 de
382 610 504 687 justitie,
533 610 570 668 de
602 609 670 681 lide,
697 609 734 667 de
767 610 935 687 frangendis

147 707 361 783 cupiditatibus,
381 708 418 763 de
440 706 655 764 conformandis
676 706 823 765 hominum
850 706 936 763 mori-

116 804 210 876 5bus,
236 804 320 860 litera
346 804 376 861 in
403 822 503 861 eorum
529 803 611 860 libris
637 802 716 860 nulla
748 802 934 859 inveniretur.

145 898 213 979 Ipsa
232 917 298 957 vero
323 909 469 974 praecepta
488 899 532 956 sie
552 898 674 955 illudere
698 898 818 968 solebat,
840 907 871 954 ut
890 916 935 953 os·

146 995 285 1066 tender’et,
300 1014 358 1053 non
380 996 465 1052 modo
479 1014 529 1051 eos
551 995 628 1052 illius
648 1004 779 1069 expertes
792 1012 856 1050 esse
868 1012 935 1068 pru-

147 1090 262 1161 dentiae,
288 1110 374 1165 quam
406 1090 461 1148 sibi
496 1090 680 1161 miscerent,
708 1090 758 1148 sed
792 1109 831 1148 ne
858 1090 935 1147 banc

148 1188 263 1263 quidem
284 1188 374 1264 ipsam
395 1189 513 1246 dicendi
532 1189 673 1246 rationem
693 1208 727 1246 ao
743 1188 818 1245 viam
838 1187 933 1245 ndsse.

102 1298 133 1347 10
148 1283 243 1359 Caput
269 1284 347 1341 eni-m
374 1304 437 1342 esse
465 1284 657 1341 arbitrabatur
688 1284 818 1354 oratoris,
846 1293 878 1340 ut
905 1292 935 1340 et

132 1380 226 1455 ipsis,
253 1380 327 1455 apud
351 1400 423 1455 quos
451 1391 557 1457 ageret,
582 1381 656 1451 talis,
681 1381 794 1455 qualern
818 1399 849 1437 se
873 1380 934 1455 ipse

148 1486 269 1552 optaret,
298 1477 442 1534 videretur
449 1497 459 1548 ,⁹
485 1478 515 1534 id
541 1477 602 1534 fieri
629 1478 693 1534 vitae
720 1477 870 1553 dignitate,
897 1475 934 1531 de

148 1572 204 1649 qud
230 1574 302 1633 nihil
329 1573 465 1630 rhetorici
493 1573 541 1630 isti
568 1574 702 1630 doctores
729 1572 759 1630 in
784 1571 935 1649 preceptis

148 1672 208 1729 suis
228 1672 426 1748 reliquissent:
448 1682 476 1729 et
491 1672 533 1729 uti
546 1691 655 1743 eorum,
670 1671 721 1747 qui
736 1671 877 1741 audirent,
891 1670 934 1726 sic

103 1778 133 1828 15
149 1771 329 1829 afficerentur
357 1770 455 1842 animi,
480 1781 512 1827 ut
539 1790 591 1828 eos
616 1770 691 1827 affici
711 1770 796 1827 vellet
822 1778 934 1826 orator:

148 1869 223 1943 quod
246 1868 313 1925 item
334 1868 395 1925 fieri
416 1868 602 1925 nullomodo
621 1885 715 1942 posse,
737 1866 793 1923 nisi
814 1883 936 1942 cognos-

149 1966 275 2037 ceretis,
293 1966 341 2041 qui
356 1966 474 2037 diceret,
490 1976 559 2041 quot
576 1964 670 2021 modis
688 1963 837 2021 bominum
858 1981 936 2019 men·

148 2074 201 2135 tes,
216 2074 245 2120 et
264 2048 368 2139 quibus
388 2065 483 2134 rebus,
498 2075 527 2120 et
542 2081 599 2137 quo
619 2080 726 2138 genere
742 2060 889 2131 orationis,
904 2060 935 2117 in

148 2177 290 2234 quamque
309 2168 419 2233 partem
440 2168 639 2215 moverentur:
667 2158 730 2215 haec
758 2167 853 2213 autem
872 2174 936 2212 esse

101 2258 134 2308 20
147 2254 263 2331 penitus
302 2253 332 2311 in
366 2254 462 2310 media
495 2253 674 2329 philosophiis
707 2262 817 2310 retrusa
851 2262 936 2332 atque

148 2349 260 2420 abdita3
282 2368 345 2425 quae
360 2349 407 2406 isti
421 2350 551 2407 rhetores
568 2359 605 2406 'ne
625 2348 798 2425 primoribus
818 2330 935 2422 quidem

147 2446 235 2504 labris
269 2446 437 2523 attigissent.
498 2444 544 2502 Ea
576 2444 766 2502 Menedemus
798 2431 942 2520 exemplis=

147 2544 249 2621 magis,
277 2561 362 2618 quarn
391 2542 575 2619 argumentis,
603 2542 761 2599 oon-abatur
787 2540 935 2599 refellere:

147 2640 312 2697 memoriter
339 2638 416 2695 enim
431 2636 534 2695 multa
554 2656 589 2695 ex
612 2638 789 2696 orationibus
816 2638 937 2695 Demos·

102 2748 133 2799 25
147 2736 242 2793 thenis
274 2735 409 2813 praeclare
443 2734 550 2809 scripta
581 2735 780 2809 pronuntians,
811 2734 936 2805 dicebat,

148 2832 227 2890 illum
255 2833 285 2889 in
313 2832 415 2889 animis
448 2831 491 2887 vel
523 2830 664 2907 judicum,
692 2830 736 2887 vel
770 2831 878 2907 populi,
907 2830 937 2889 in

148 2948 262 2989 omnem
282 2939 392 3006 partem
411 2927 536 2985 dicendo
549 2927 760 3003 permovendis,
774 2946 834 2985 non
849 2927 937 2986 foisse
