2109 3417
123 344 217 404 um]
406 344 450 391 nu
468 344 636 392 onironu.
903 332 962 392 118

122 493 266 563 virtutem,
281 512 344 569 que
365 493 400 551 ad
420 491 625 569 rempublicam
641 494 831 569 pertinebant,
846 512 913 573 oog·

122 590 262 647 ultionem
282 600 313 647 et
331 590 480 647 scientiam
502 608 569 647 oum
584 590 700 648 dicendi
722 591 832 649 ratione
848 591 913 667 jun·

122 686 244 763 gebant;
264 697 365 762 postea
381 687 531 744 dissooiuti
547 686 593 764 (ut
613 688 744 766 exposui)
761 708 776 745 a
792 689 913 747 Socrate

121 781 221 839 diserti
243 783 382 854 edoctis,
407 796 436 840 et
462 782 598 858 deiuoeps
620 801 637 839 a
657 784 816 840 Socraticis
843 784 911 841 item

121 878 265 951 omnibus,
295 874 457 955 philosophi
491 878 682 953 eloquentiam
710 880 943 955 despexeruut‚5

120 985 247 1033 oratores
259 975 446 1051 sapientiam
467 994 561 1049 neque
576 970 728 1051 quidquam
743 994 780 1033 ex
794 976 911 1033 alterius

118 1082 200 1146 purte
214 1072 378 1148 tetigerunt,
393 1072 448 1128 nisi
469 1072 544 1147 quod
564 1072 604 1128 illi
620 1073 655 1128 ab
670 1072 723 1143 his,
740 1059 788 1129 aut
803 1074 838 1129 ab
853 1072 909 1130 illis

119 1168 158 1239 hi,
173 1179 387 1238 mutuarentur3
409 1188 444 1225 ex
457 1186 514 1244 quo
527 1168 691 1243 promiscue
711 1169 868 1239 haurirent,
882 1167 907 1226 si

118 1283 235 1321 manere
246 1266 277 1321 iu
285 1265 406 1341 pristini
417 1266 621 1321 commuuione
631 1264 795 1322 voluissent.
837 1258 906 1334 sed,

118 1369 151 1417 ut
163 1361 315 1436 pontifices
328 1370 448 1429 veteres,
461 1370 577 1434 propter
592 1360 798 1417 sacrificiorum
813 1360 908 1420 multi·
924 1366 955 1417 10

118 1456 258 1528 tudinem,
272 1468 330 1513 tres
340 1457 418 1513 viros
428 1455 569 1530 epulones
587 1474 650 1511 esse
664 1456 824 1527 voluerunt,
839 1476 911 1515 oum-

118 1563 214 1610 essent
241 1554 294 1628 ipsi
321 1573 339 1610 a
364 1551 472 1623 Numi,
498 1560 531 1607 ut
558 1551 643 1607 etiam
672 1549 741 1606 illud
772 1551 906 1610 ludorum

117 1649 233 1723 epulare
246 1649 419 1726 sacrificium
434 1647 571 1718 lucerent,
584 1646 723 1715 iustituti;
745 1646 788 1703 sio
803 1648 906 1705 Socra·

117 1744 170 1802 tioi
185 1764 201 1801 a
214 1763 245 1801 se
265 1763 415 1802 causarum
437 1755 559 1814 actores,
574 1754 603 1801 et
618 1762 633 1801 a
647 1743 792 1799 oommuni
812 1743 903 1819 philo·

117 1840 225 1916 sophie
249 1841 376 1912 nomine,
398 1849 610 1915 separaverunt,
639 1848 840 1896 cumveteres
862 1839 904 1898 di·
920 1839 951 1889 15

116 1936 202 1994 oendi
223 1946 252 1993 et
272 1935 450 2013 intelligendi
473 1934 624 1993 mirificam
645 1934 812 1993 societatem
840 1952 904 1993 erse

114 2033 280 2090 voluissent.

117 2256 121 2261 ·
153 2226 224 2285 XX.
253 2228 331 2290 Quae
345 2246 411 2285 oum
426 2229 465 2285 itu
478 2227 544 2296 sint,
558 2226 705 2301 paululum
720 2225 851 2301 equidem
866 2226 903 2285 de

113 2340 161 2379 me
184 2323 369 2398 deprecabor,
394 2335 423 2380 et
446 2334 541 2399 petam
567 2342 582 2379 a
605 2322 694 2393 vobis,
717 2332 748 2379 ut
771 2342 815 2394 ea,
838 2341 901 2398 qum
947 2332 950 2342 ’

114 2416 220 2489 dicam,
234 2436 293 2475 uon
308 2418 344 2474 de
357 2420 534 2494 memetipso,
549 2418 598 2474 sed
614 2418 650 2473 de
667 2429 790 2489 oratore,
805 2418 949 2476 dicerem

113 2512 228 2590 putetis.
279 2512 344 2589 Ego
367 2514 443 2569 enim
467 2532 529 2569 sum
556 2514 589 2583 is,
614 2513 673 2587 qui,
698 2532 764 2569 cum
788 2532 900 2571 summo

113 2608 210 2667 studio
235 2610 324 2684 patris
351 2609 380 2665 in
406 2610 530 2683 pueritii
557 2610 658 2666 doctus
685 2628 786 2678 essem,
814 2620 843 2667 et
869 2609 899 2667 in

114 2706 208 2765 sorum
228 2705 337 2781 ingenii
358 2714 479 2775 tuntum,
494 2716 631 2779 quantum
650 2705 711 2781 ipse
724 2705 827 2777 sentio,
841 2723 900 2763 non

112 2812 224 2861 tantum
239 2811 377 2877 quantum
395 2800 455 2876 ipse
475 2802 593 2859 forsitan
608 2801 687 2859 vobis
701 2801 806 2873 videar,
821 2801 901 2859 detu·
946 2846 948 2853 .

111 2900 221 2971 iissem,
237 2916 296 2955 non
316 2897 423 2972 possim
444 2897 553 2969 dicere,
571 2916 619 2955 me
639 2898 712 2968 haeo,
733 2917 796 2973 quae
822 2916 901 2955 nuno
915 2900 947 2951 25

110 2996 300 3072 complector,
326 2994 455 3070 perinde,
482 3004 515 3051 ut
541 2994 636 3051 dicum
660 2994 801 3063 discenda
826 3011 899 3065 esse,

110 3090 264 3165 didioiese;
296 3091 404 3169 quippe
429 3090 478 3167 qui
509 3090 653 3149 omnium*
670 3088 838 3149 maturrime
864 3087 900 3148 ud

351 3188 416 3248 10·
