2109 3417
112 322 207 386 nm]
395 309 623 375 nu'oanroau.
883 316 939 375 105

112 482 173 545 ant,
189 482 238 531 aut
256 474 323 551 quid
342 477 538 553 profiteantur,
552 476 711 554 intelligere
730 480 892 553 potuerunt.

113 568 221 627 Verum
242 572 318 629 enim
334 573 450 646 oratori,
464 592 527 648 quae
541 583 608 631 suut
622 574 650 631 in
664 573 811 630 hominum
823 571 891 644 viu,

110 667 341 744 quandoquidem
367 669 397 727 in
424 670 459 727 ed
479 679 604 727 versatur
630 678 734 740 orator,
755 677 838 744 atque
857 686 894 726 ea

110 771 157 819 est
176 762 204 819 ei
223 764 352 840 subjecta
371 765 512 837 materies,
529 766 626 823 omnia
644 764 771 839 quaesita,
787 764 892 837 audita,

111 856 197 931 lecta,
221 859 373 937 disputata,
400 871 530 933 tractata,
543 870 545 875 '
559 862 664 939 agitata
690 878 752 918 esse
777 860 924 918 debantfi

111 952 165 1012 Est
190 955 268 1012 enirn
294 956 457 1033 eloquentia
481 974 540 1015 una
567 956 694 1032 quasdam
718 954 892 1017 desummis

110 1049 277 1122 virtutibus3
300 1050 474 1129 (quanquam
486 1062 552 1110 sunt
565 1070 663 1111 omues
674 1051 790 1111 virtutes
800 1068 892 1125 aeqna·

109 1144 153 1203 les
175 1157 205 1204 et
227 1166 320 1223 pares,
343 1148 394 1207 sod
417 1158 513 1207 tamen
536 1159 578 1207 est
600 1148 711 1225 species
733 1148 788 1206 alia
801 1146 892 1225 magis

112 1240 168 1299 alid
195 1243 318 1302 formose
342 1254 373 1301 et
396 1244 529 1315 illustris3
559 1244 635 1302 sicut
658 1243 720 1301 bac
742 1243 794 1315 ais,
818 1261 890 1319 qua,

111 1339 261 1396 scientiam
277 1339 425 1416 complexa
443 1359 549 1412 rerum,
563 1359 646 1398 sensa
665 1339 768 1397 mentis
782 1348 810 1396 et
824 1356 892 1397 con·
908 1348 939 1399 10

111 1433 176 1491 silia
200 1433 245 1492 sic
270 1435 364 1491 verbis
389 1436 521 1512 explicat,
548 1445 580 1492 ut
606 1454 665 1507 eos,
688 1435 737 1509 qui
764 1434 890 1505 audiant,

111 1547 293 1606 quocumque
318 1530 490 1604 incubuerit,
516 1531 607 1607 possit
633 1527 795 1606 impellere;
828 1547 891 1603 quaa

111 1642 170 1700 quo
190 1625 279 1702 major
298 1636 342 1684 est
360 1627 411 1700 ais,
427 1627 483 1684 hoc
502 1636 545 1684 est
565 1626 656 1704 magis
674 1625 815 1702 probitate
827 1624 890 1700 juu-

111 1719 215 1798 geuda‚
230 1722 395 1797 summique
413 1722 596 1802 pandentiit)
617 1739 736 1797 quarum
755 1718 891 1777 virtutum

111 1816 274 1893 expertibus
293 1817 317 1875 si
337 1818 453 1877 dicendi
474 1820 588 1895 copiam
609 1816 818 1888 tradiderimus,
833 1831 891 1873 nou
908 1823 938 1877 15

110 1931 160 1972 eos
180 1914 294 1989 quidem
313 1925 439 1973 oratores
457 1914 647 1989 effecerimus,
663 1914 714 1972 sed
733 1910 892 1972 furentibus

109 2010 240 2087 quadam
254 2027 331 2068 arma
344 2010 514 2070 dederimus.

149 2200 216 2262 XV.
246 2202 342 2276 Hanc,
362 2202 489 2279 inquam,
511 2200 657 2279 cogitandi
677 2199 892 2277 pronuntiandi·

109 2314 167 2370 que
191 2298 341 2370 rationem,
368 2299 481 2374 vimque
508 2296 634 2369 dicendi,
660 2306 770 2353 vetares
795 2294 891 2355 Greci

109 2390 278 2466 sapientiam
313 2394 507 2451 nominabant.
568 2392 647 2450 Hinc
680 2391 722 2449 illi
754 2391 889 2469 Lycurgi,
905 2400 937 2451 21)

110 2486 180 2544 binc
196 2487 310 2560 Pittaci,
325 2489 393 2546 hinc
413 2490 544 2560 Solones,
559 2498 643 2563 atque
663 2488 699 2546 ab
719 2486 774 2545 bac
792 2488 891 2545 simili·

110 2582 211 2640 tudine
239 2583 417 2642 Coruncanii
448 2585 549 2657 nostri,
583 2584 720 2656 Fabricii,
753 2583 889 2657 Catones,

109 2678 263 2754 Scipiones
282 2679 405 2752 fuerunt,
425 2696 483 2737 non
503 2690 563 2738 tarn
589 2679 708 2739 sonasse
731 2680 818 2752 docti,
838 2681 890 2738 sed

110 2774 218 2849 impetu
250 2774 354 2833 mentis
385 2775 471 2833 simili
504 2786 534 2833 et
565 2776 718 2835 voluntate.
778 2774 914 2833 Eidem

110 2880 205 2928 autem
221 2870 268 2928 alii
281 2870 442 2946 prudentii,
455 2870 505 2928 sed
521 2871 642 2930 consilio
663 2871 776 2929 adsita
795 2871 890 2929 studia
903 2877 935 2929 25

109 2965 225 3043 dispari,
239 2967 363 3042 quietem
378 2977 461 3043 atque
480 2966 572 3026 otium
587 2967 689 3041 secuti,
704 2975 736 3025 ut
748 2967 890 3044 Pythago·

109 3080 165 3137 ras,
179 3062 371 3138 Damocritus,
385 3063 585 3145 Anaxagoras,
604 3081 621 3124 a
639 3063 773 3145 regendis
792 3062 888 3123 civita-
