2109 3417
134 266 203 326 nr]
413 268 458 317 nn
479 268 643 317 onerose.
772 294 776 300 -
923 258 964 318 tt

114 476 117 481 ,
133 413 268 489 equidem
283 414 313 473 in
329 414 375 473 his
394 416 485 494 magis
506 417 620 475 assidue
632 416 738 477 versari
757 417 834 477 bunc
853 434 919 475 nos·

134 519 205 567 trem
227 510 401 570 dictionem:
429 512 480 570 sed
503 523 600 572 tamen
620 514 650 572 in
670 514 716 572 bis
735 514 805 590 ipsis
831 514 918 572 rebus

133 606 274 681 permulta
294 617 370 679 sunt,
391 626 453 683 quse
481 608 528 666 isti
554 609 693 686 magistri,
713 609 762 686 qui
782 609 918 667 rhetorici

133 712 282 776 vocantur,
297 722 353 761 nec
372 704 497 776 tradunt,
515 723 570 762 nec
590 715 697 763 tenent.
742 704 820 769 Quis
839 706 917 763 enim

133 798 237 871 nescit,
253 799 404 857 maximam
420 799 476 857 vim
496 800 618 857 existere
637 800 757 860 oratoris
777 802 807 860 in
827 801 947 859 homi-5

132 912 203 951 num
230 896 374 954 mentibus
400 895 443 953 vel
465 896 500 953 sd
521 897 593 956 irem
614 908 663 955 sut
682 898 718 955 od
738 897 846 969 odium,
868 908 917 955 rut

132 990 260 1047 dolorem
283 992 447 1064 incitandis,
461 993 505 1049 vel
527 994 564 1051 sb
584 993 664 1053 hisce
685 994 786 1051 iisdem
805 1012 918 1071 permo-

131 1086 258 1143 tionibus
283 1088 318 1145 nd
344 1088 501 1160 lenitatem,
530 1087 811 1165 misericordiamque
837 1108 917 1149 rere·

131 1182 254 1239 cendist
274 1202 371 1258 quare,
391 1183 447 1241 nisi
467 1185 514 1260 qui
534 1195 651 1244 noturus
671 1186 826 1258 hominum,
847 1186 916 1243 virn-

132 1296 188 1352 que
208 1296 323 1336 omnem
344 1279 539 1353 humanitatis,
556 1299 713 1356 causasque
732 1300 791 1353 ess,
812 1282 915 1358 quibus
929 1294 961 1343 10

131 1385 243 1434 mentes
267 1385 315 1431 eut
338 1374 494 1434 incitentur
518 1387 567 1435 aut
586 1376 781 1450 reflectuntur,
800 1378 915 1453 penitus

130 1469 317 1546 perspexerit,
337 1470 471 1544 dicendo,
492 1473 569 1548 quod
590 1473 674 1541 volet,
694 1474 832 1549 perficere
854 1492 914 1533 non

130 1565 244 1641 poterit.
299 1566 389 1641 Atqui
409 1576 484 1627 totus
504 1570 553 1627 hio
574 1569 656 1629 locus
680 1569 914 1645 philosophorum

131 1661 263 1739 proprius
289 1662 415 1735 videtur;
449 1682 543 1740 neque
576 1676 682 1736 orator,
708 1684 755 1723 me
785 1676 913 1738 auctore,

131 1776 258 1832 unquam
272 1760 458 1836 repugnabit:
480 1760 541 1832 sed,
556 1780 623 1818 cum
641 1760 698 1819 illis
717 1760 914 1838 cognitionem
929 1773 961 1823 1⁵

133 1871 227 1911 rerum
247 1855 432 1927 concesserit,
454 1857 529 1930 quod
549 1856 580 1914 in
599 1857 635 1913 si
655 1856 748 1915 solum
765 1856 807 1914 illi
820 1857 916 1915 volue-

133 1949 190 2009 rint
210 1950 373 2022 elaborare;
394 1951 595 2010 tractationem
615 1952 761 2024 orationis,
774 1971 837 2029 qun
853 1953 915 2011 sine

132 2044 182 2103 ittt
202 2046 325 2104 scienti&
345 2047 423 2105 nulls
443 2058 495 2119 est,
517 2047 572 2105 sibi
593 2058 733 2107 assumet:
761 2049 818 2107 hoo
836 2050 915 2108 enim

132 2152 175 2200 est
188 2143 334 2219 proprium
348 2144 478 2215 oratoris,
491 2144 568 2220 quod
582 2163 658 2221 sepe
667 2145 724 2222 jam
739 2146 808 2218 diri,
822 2148 915 2205 oratio

131 2238 234 2315 gravis,
249 2248 278 2297 et
291 2248 401 2311 ornate,
415 2250 444 2296 et
458 2239 606 2299 hominum
616 2242 753 2300 ,sensibus
766 2262 800 2300 ac
813 2244 915 2301 menti·
927 2257 960 2308 m

133 2335 185 2392 bus
200 2335 425 2393 accommodata.

169 2526 256 2589 XIII.
277 2528 394 2591 Quibus
408 2528 543 2587 derebus
563 2529 747 2589 Aristotelem
767 2541 797 2589 et
816 2530 914 2589 Theo·

131 2623 277 2699 pbrestum
297 2624 445 2700 scripsisse
465 2625 562 2684 fateor.
613 2626 672 2684 sed
692 2626 765 2697 vide,
786 2645 824 2685 ne
844 2627 910 2699 hoc,

131 2720 270 2792 Somolo,
290 2730 382 2778 totum
402 2721 439 2779 sit
460 2740 476 2779 a
495 2741 559 2779 me:
586 2741 652 2779 nem
672 2741 735 2799 ego,
756 2742 819 2797 quae
846 2735 913 2782 sunt

130 2816 237 2873 oratori
251 2836 317 2875 curn
332 2816 388 2875 illis
402 2818 576 2888 communie,
590 2836 648 2876 non
660 2828 774 2876 mutuor
788 2819 824 2876 ab
838 2819 894 2877 illis
902 2841 910 2891 ;
925 2834 958 2884 25

130 2912 187 2985 isti,
209 2931 272 2989 quae
292 2913 328 2970 de
349 2912 392 2970 his
411 2914 499 2971 rebus
517 2913 673 2989 disputant,
687 2924 829 2971 oratorum
849 2934 913 2971 esse

130 3010 304 3068 concedunt.
345 3008 445 3085 Itaque
465 3018 578 3067 ceteros
596 3008 686 3067 libros
706 3009 773 3067 ortis
787 3009 835 3067 isti
854 3026 912 3065 sue
