2109 3417
129 303 200 363 1..1.1
408 300 453 347 DE
475 295 639 346 onATonn.
759 339 760 346 ,
920 285 961 344 87

130 449 174 509 Μ.
189 450 272 521 cato,
293 448 324 507 P.
340 447 505 518 Africanus,
524 447 565 509 Q.
583 445 727 517 Metellus,
748 443 782 502 O.
798 443 913 514 Laelius,

128 547 181 622 qui
200 565 300 603 ornnes
320 545 485 620 eloquentes
505 544 628 614 fuerunt,
643 543 801 600 orationem
822 561 913 613 suam,

129 652 161 700 et
172 642 336 717 reipublice
350 641 527 718 dignitatem,
543 640 727 696 exornabant.

154 832 203 891 ⁴L.
235 821 338 908 Neque
358 832 434 890 enim
454 842 498 888 est
519 831 702 889 interdictum
723 840 772 887 aut
789 848 912 887 arerum
1021 831 1024 835 ’

129 931 243 1001 naturd,
256 940 304 987 aut
318 929 410 1006 alege
425 927 518 1002 aliqud
534 939 617 1002 atque
632 945 719 997 more,
733 936 780 983 aut
794 927 913 1003 singulis
943 931 960 978 5

130 1026 304 1095 homiuibus,
331 1045 368 1082 ue
395 1025 524 1099 amplius,
553 1043 637 1098 quam
670 1023 796 1099 singulas
829 1033 913 1094 artes,

117 1121 217 1181 'ndsse
236 1122 329 1178 liceat.
378 1121 480 1182 Quare
500 1138 569 1190 non,
591 1119 643 1176 etsi
666 1119 913 1194 eloquentissimus

131 1217 256 1276 Athenis
268 1217 403 1287 Pericles,
415 1217 547 1290 idemque
558 1215 587 1274 in
598 1217 633 1272 ed
648 1215 763 1272 civitate
775 1216 913 1292 plurimos

131 1333 221 1371 annos
239 1314 371 1390 princeps
390 1312 502 1370 consilii
517 1312 625 1388 publici
640 1312 702 1382 fuit,
717 1312 827 1370 idcirco
841 1313 913 1388 ejus·

130 1411 196 1468 dem
210 1410 333 1468 hominis
348 1420 430 1484 atque
451 1409 518 1467 artis
539 1419 659 1484 utraque
679 1409 798 1466 facultas
818 1409 960 1466 existi-1⁰

130 1506 235 1565 manda
248 1516 306 1576 est3
327 1524 392 1576 nec,
403 1505 428 1562 si
438 1504 469 1563 P.
482 1504 604 1562 Crassus
614 1504 689 1561 idem
701 1505 754 1562 fuit
768 1505 912 1579 eloquens,

130 1613 159 1660 et
169 1601 242 1679 juris
254 1601 372 1676 peritus,
385 1602 422 1658 ob
436 1619 499 1657 eam
518 1619 634 1657 causam
649 1599 722 1657 inest
736 1599 765 1656 in
780 1597 913 1657 facultate

128 1697 247 1757 dicendi
268 1696 340 1772 juris
360 1696 451 1754 civilis
470 1695 601 1752 scientia.
643 1695 718 1752 Nam
740 1695 764 1752 si
783 1695 913 1769 quisque,

129 1793 213 1853 utin
235 1792 329 1866 aliqud
357 1801 417 1848 arte
440 1801 469 1848 et
495 1791 631 1848 facultate
656 1791 810 1862 excellens,
832 1791 916 1848 aliana

130 1906 246 1965 quoque
266 1896 355 1944 artem
375 1887 430 1943 sibi
455 1887 627 1958 assumserit,
649 1886 688 1943 ita
714 1886 853 1962 perficiet,
874 1897 915 1957 ut,
931 1891 962 1940 15

128 1985 209 2061 quod
235 1995 372 2062 preterea
398 1983 479 2053 sciet,
502 1983 531 2040 id
552 1983 624 2058 ejus,
647 1981 676 2040 in
700 2001 757 2058 quo
784 1983 914 2055 excellet,

129 2101 197 2159 pars
215 2081 345 2158 quedam
373 2099 436 2137 esse
455 2079 599 2150 videatur3
627 2077 696 2136 licet
723 2079 777 2136 ists
804 2079 915 2137 ratione

128 2162 271 2249 dicamus,
285 2176 345 2252 pile
365 2177 439 2233 bene
456 2187 485 2234 et
500 2175 652 2233 duodecim
673 2175 786 2251 scriptis
805 2175 913 2248 ludere,

129 2275 275 2351 proprium
297 2291 359 2331 esse
383 2272 456 2349 juris
479 2272 581 2341 civilis,
602 2272 736 2347 quoniam
764 2281 914 2348 utrumque

129 2388 231 2426 eorum
257 2369 289 2427 P.
318 2369 436 2426 Mucius
468 2368 574 2442 optime
608 2368 723 2437 fecerit;
757 2368 959 2443 sedemquew

130 2465 243 2522 ratione
263 2465 405 2535 dicantur,
419 2474 448 2520 et
462 2482 531 2538 quos
554 2470 687 2525 Φυσικούς
708 2464 804 2520 Graeci
824 2465 914 2521 nomi·

131 2571 212 2632 nant,
230 2561 316 2618 iidem
337 2565 443 2636 poclm·
458 2560 591 2634 quoniam
612 2559 802 2636 Empedocles
821 2560 915 2636 physi-

131 2674 186 2713 cus
196 2655 341 2738 egregium
355 2659 459 2731 poema
473 2655 580 2713 fecerit.
622 2656 662 2712 At
676 2655 780 2714 hocne
794 2656 915 2731 philoso-

129 2751 182 2829 phi
202 2751 317 2826 quidem
336 2751 400 2827 ipsi,
421 2751 469 2827 qui
490 2751 596 2822 omnia,
618 2752 693 2810 sicut
718 2751 842 2827 propria,
863 2771 917 2808 sua

129 2866 205 2919 esse,
221 2858 304 2923 atque
318 2867 334 2905 a
347 2867 377 2906 se
396 2848 536 2924 possideri
557 2847 664 2917 volunt,
682 2847 778 2904 dicere
799 2848 914 2914 audent,
922 2847 960 2902 325

130 2944 317 3022 geometriam
338 2955 387 3002 aut
406 2942 546 3001 musicam
566 2941 729 3017 philosophi
755 2961 828 3011 esse,
849 2940 915 3013 quia

130 3040 279 3101 Platonem
293 3057 394 3101 omues
406 3040 437 3100 in
451 3039 509 3099 illis
525 3038 634 3098 artibus
653 3035 919 3115 prestantissimum
