2109 3417
128 257 186 318 132
444 267 489 316 nn
509 268 673 316 carrona
874 269 961 331 [nn.

172 412 231 485 tiis,
244 412 429 474 illustrentur.
468 416 559 493 Atqui
579 435 616 488 ne
636 415 714 476 huno
728 415 855 492 quidem,
869 431 961 494 qnan-

172 529 256 585 quam
270 512 357 570 estin
370 513 525 588 republici
538 523 675 584 versatus,
688 513 725 570 e'x
737 530 857 573 numero
874 533 960 572 acce·

170 606 265 682 pimus
290 626 388 666 eorum
414 609 463 683 qni
493 628 595 666 causas
627 609 813 681 dictitirunt3
846 619 879 668 et'
903 610 958 668 hos

169 703 258 761 libros
284 714 345 762 tum
370 704 518 781 scripsisse
544 704 662 776 dicitur,
683 724 749 766 cum
771 717 788 762 a
807 705 956 782 republicd

138 808 155 857 5
170 810 306 872 remotus,
321 810 404 878 atque
425 801 475 878 (idt
489 802 564 876 quod
585 801 694 877 optimo
712 801 817 882 cuique
830 803 956 862 Athenis

170 896 303 956 accidere
324 896 439 954 solitum
459 898 516 976 est)
542 897 572 954 in
593 896 731 955 exsilium·
747 898 846 973 pulsus
868 907 953 958 esset

169 991 258 1051 Hunc
279 1003 453 1051 consecutus
472 1003 516 1050 est
537 993 709 1069 Syracusius
729 993 876 1067 Philistus,
893 995 953 1070 qui,

166 1108 235 1163 ,cum
272 1089 406 1166 Dionysii
440 1089 555 1166 tyranni
591 1089 829 1149 familiarissimus
866 1101 952 1166 esset,

167 1185 259 1248 otium
284 1205 368 1244 suum
395 1186 555 1245 consumsit
580 1186 611 1244 in
637 1185 756 1244 historid
789 1187 952 1261 scribendi,

112 1292 154 1341 ,10
168 1281 346 1358 maximeque
359 1282 563 1359 Thucydidem
577 1293 629 1355 est,
644 1282 720 1340 sicut
739 1282 810 1340 mihi
829 1283 952 1357 ridetur,

168 1376 303 1446 imitatus.
343 1377 449 1437 Postea
461 1395 540 1450 ruo,
554 1378 635 1453 quasi
654 1396 691 1436 ex
710 1377 869 1440 clarissimi
889 1379 953 1438 rhe-

167 1473 238 1532 toris
264 1474 391 1546 officini,
417 1475 476 1534 duo
501 1475 666 1551 prestantes
699 1474 827 1552 ingenio,
853 1475 953 1536 Theo.-

166 1589 288 1647 pompus
307 1582 336 1647 et
356 1571 499 1647 Ephorus,
522 1572 558 1630 ab
584 1571 711 1646 Isocrate
736 1571 874 1649 magistro
900 1572 953 1630 im·

155 1666 251 1742 pulsi,
285 1686 317 1725 se
354 1670 390 1726 ad
425 1666 574 1726 historiam
605 1666 810 1734 contulerunt:
848 1686 953 1726 causas

121 1777 152 1826 15
166 1763 290 1844 omnino·
306 1782 453 1840 nunquam
473 1763 637 1840 attigerunt.

206 1956 289 2015 XIV.
319 1957 453 2032 Denique
471 1956 558 2014 etiam
576 1956 789 2034 aphiloaophii
806 1958 952 2034 profectus

164 2053 299 2129 princeps
324 2053 500 2129 Xenophon,
527 2053 694 2115 Socraticus
721 2054 785 2125 ille3
814 2064 888 2130 post,
915 2057 953 2114 ah

163 2148 332 2220 Aristotele,
346 2149 547 2220 Callisthenes,
562 2169 660 2230 comes
679 2150 848 2222 Alexandri,
862 2151 953 2229 scrip·

163 2243 202 2302 sit
228 2244 392 2315 historiam
426 2254 456 2302 et
481 2239 531 2302 hic
556 2245 672 2322 quidem
698 2245 843 2305 rhetorico
868 2266 952 2324 pane

116 2349 151 2402 2⁰
164 2359 260 2400 more:
281 2340 330 2398 ille
344 2351 439 2402 autern
459 2341 588 2418 superior
607 2342 717 2400 leniore
737 2343 860 2420 quodam
877 2361 952 2414 sono

164 2446 209 2517 est
235 2456 313 2509 usus,
340 2446 370 2494 et
395 2437 445 2513 qui
472 2437 552 2514 illurn
579 2438 723 2514 impetum,
744 2439 864 2516 oratoris
889 2459 950 2498 non

164 2533 283 2604 habeat3
304 2533 458 2592 vehemens
478 2516 596 2592 sortasse
617 2535 721 2606 miuus,
735 2535 785 2593 sed
805 2536 951 2612 aliquanto

163 2639 260 2688 tamen
286 2640 339 2701 est,
366 2640 399 2688 ut
430 2630 502 2688 mihi
535 2631 650 2706 quidem
678 2630 800 2703 videtur,
827 2633 949 2692 dulcior.
1046 2631 1047 2654 ³

164 2724 304 2784 Minimus
316 2735 387 2784 natu
400 2727 502 2785 horum
515 2726 643 2784 omnium
657 2726 796 2799 Timaeus,
811 2738 950 2803 qnantum

118 2830 151 2882 25
165 2831 260 2879 autem
277 2821 409 2899 judicare
427 2839 553 2897 possum,
574 2821 661 2899 longe
681 2821 900 2894 eruditissimus,
920 2834 951 2882 et

163 2935 260 2976 rerum
269 2917 357 2994 copiti
372 2927 403 2976 et
421 2917 627 2975 sententiarum
646 2916 783 2976 varietate
804 2917 952 2976 abundau-

165 3013 301 3084 tissimns,
327 3023 357 3073 et
383 3013 445 3092 ipsi
476 3011 688 3108 compositione
716 3012 864 3074 verborum
890 3030 950 3074 non
1046 3049 1047 3062 ι
