2109 3417
108 265 167 324 176
425 275 468 325 nn
489 273 652 322 oninonu.
703 283 711 310 e
854 274 937 333 [nu.

153 421 280 480 Romani
299 432 438 498 potestate
457 441 521 481 esse
542 423 657 492 debent,
677 422 744 498 quid
765 421 938 480 Norbanum

154 534 283 587 accusas,
304 519 386 594 eujus
405 520 565 576 tribunatus
586 519 724 576 voluntati
747 519 842 595 paruit
870 519 940 576 eiri-

153 613 239 671 tutisl
278 614 323 670 Ex
348 625 429 690 parte
456 626 550 672 eutem
577 615 622 684 ed,
650 633 712 690 quse
739 624 781 673 est
808 615 939 689 subjecta

153 709 268 784 generi:
301 710 334 766 Si
360 729 470 780 omnes,
496 711 545 785 qui
575 710 739 786 reipublice
772 711 938 781 consulunt,

120 813 137 863 5
153 805 213 862 etri
232 806 316 862 nobis
335 824 399 863 esse
411 806 527 878 debent,
542 817 620 864 oerte
634 807 662 866 iu
677 806 775 881 primis
790 807 939 882 imperato·

151 919 207 972 res,
228 921 348 977 quorum
375 902 514 972 consiliis,
535 903 647 973 virtute,
668 903 811 978 perieulis,
832 902 938 960 retine-

151 1016 216 1056 mus
235 1013 264 1056 et
284 1009 409 1059 nostram
430 999 561 1069 sulutem,
576 1008 605 1056 et
625 998 736 1074 imperii
757 994 935 1076 dignitatem.

152 1093 198 1152 Ex
222 1094 409 1152 similitudine
444 1106 555 1152 autem:
589 1095 622 1152 Si
649 1095 715 1152 serm
741 1105 849 1171 pertus.
868 1113 938 1152 suos

152 1190 283 1267 diligunt,
297 1192 354 1266 qud
374 1210 427 1248 nes
447 1191 478 1249 in
497 1191 603 1249 liberos
623 1202 736 1250 nostros
757 1191 936 1267 indulgentiis

105 1298 136 1348 1⁰
152 1304 215 1344 esse
231 1287 390 1345 debemusl
430 1288 472 1344 At
490 1305 526 1344 ex
547 1287 796 1344 dissimilitudine:
820 1289 852 1346 Si
873 1289 937 1344 ber-

152 1383 284 1440 bsrorum
316 1394 364 1447 est¹
387 1384 417 1440 in
444 1383 520 1440 diem
553 1383 657 1454 vivere,
685 1393 782 1440 nostru
814 1385 937 1442 consilis

151 1480 355 1555 sempiternum
379 1491 489 1555 tempus
515 1491 645 1555 spectare
671 1480 783 1538 debent.
839 1481 936 1555 Atque

151 1586 272 1650 utroque
292 1576 323 1633 in
342 1595 448 1652 genere
467 1586 497 1632 et
519 1575 723 1645 similitudinis,
745 1587 772 1632 et
793 1576 936 1636 dissimili·

151 1673 268 1742 tudinis,
294 1673 424 1748 exempla
453 1682 522 1728 sunt
549 1691 584 1730 ex
612 1672 730 1728 eliorum
765 1672 858 1743 luetis,
886 1684 937 1730 out

105 1774 136 1824 15
151 1769 246 1836 dietis,
270 1779 322 1826 eut
347 1767 466 1838 eventis,
490 1778 523 1825 et
549 1767 622 1824 fiete
656 1768 833 1825 narrationes
859 1787 936 1844 steps

150 1865 298 1940 ponendis.
338 1862 404 1922 Jsm
424 1883 460 1920 ex
478 1863 641 1922 eentrerio:
664 1864 696 1922 Si
710 1864 868 1920 *Gracchus
887 1884 937 1922 ne·

152 1959 232 2031 ferie,
249 1960 387 2034 prestare
406 1959 549 2034 Opimius.
603 1959 648 2016 Ex
675 1959 933 2033 consequentibus:

151 2055 184 2111 Si
202 2064 234 2111 et
251 2055 326 2112 lerro
346 2055 513 2112 interiectus
540 2055 597 2125 ille,
615 2066 647 2112 et
667 2066 698 2112 tu
719 2055 852 2112 inimicus
873 2056 936 2132 ejus

151 2167 218 2206 eum
230 2150 328 2227 gladio
345 2162 465 2208 enitente
483 2151 709 2226 comprehensus
721 2171 752 2207 es
767 2152 795 2208 iu
810 2151 858 2209 illo
872 2152 936 2228 ipso

102 2258 136 2310 m
151 2245 227 2316 loeo,
243 2257 275 2304 et
294 2265 379 2304 nemo
398 2258 499 2322 preter
518 2258 548 2304 te
569 2248 609 2304 ibi
630 2249 705 2305 uisus
725 2259 777 2319 est,
798 2258 826 2306 et
847 2268 936 2309 eurise

150 2342 269 2415 nemini,
283 2353 312 2400 et
331 2354 363 2400 tu
382 2362 493 2418 semper
515 2344 626 2413 sudux;
645 2343 711 2418 quid
733 2355 786 2416 est,
801 2346 876 2420 quod
898 2347 936 2402 de

150 2437 280 2496 sueinore
298 2439 430 2496 dubitare
449 2441 610 2515 possi-usi
659 2439 702 2498 Ex
723 2444 935 2513 consentaneis,

148 2545 181 2591 et
205 2536 453 2611 procurrentibus,
481 2547 512 2592 et
544 2537 779 2614 repugnantibus,
807 2549 839 2596 ut
865 2538 934 2596 olim

151 2631 273 2690 Crassus
300 2632 481 2690 adolescens:
509 2631 588 2702 Non,
613 2633 637 2689 si
662 2631 810 2708 Opimium
838 2635 936 2693 delen-

101 2736 137 2786 ὅ
151 2727 228 2799 disti,
243 2729 347 2798 Gerbo,
367 2728 478 2786 ideireo
494 2739 525 2786 te
544 2729 594 2786 isti
614 2728 720 2786 bonum
739 2729 833 2786 civem
855 2741 935 2806 puta-

151 2825 231 2882 bunt.
283 2824 441 2883 Simultisse
467 2835 506 2895 te,
529 2834 564 2881 -et
590 2825 666 2882 uliud
694 2824 762 2898 quid
788 2826 933 2899 qrraesisse,

150 2919 332 2996 perspieuum
351 2932 405 2992 est,
419 2921 496 2996 quod
516 2919 564 2978 Ti.
579 2921 705 2978 Grarmlii
724 2931 843 2978 mortem
858 2940 934 2996 sepe

148 3015 182 3077 in
211 3016 405 3079 ooneionibus
433 3016 601 3093 deplortsti,
635 3019 710 3094 quod
741 3016 773 3078 Ρ,
799 3016 935 3078 Airioeni
