2109 3417
110 293 152 353 86
431 308 475 357 ne
496 274 660 359 onirosa.
767 384 772 399 .
850 312 950 371 [nm.

156 454 242 514 laude
274 456 380 528 floruit,
408 476 494 533 quam
519 458 623 518 vllue'tu
658 457 861 535 amplitudinis,
896 470 949 520 aut

155 551 321 627 reipublicae
341 553 490 631 dignitate.
530 554 593 616 Qui
615 567 709 613 autem
729 554 757 613 ei
778 574 870 613 annus
888 557 949 632 pri·

155 664 220 705 mus
240 648 276 705 ab
296 648 436 707 honorum
456 649 657 727 perfunctione
681 650 800 724 aditum,
815 652 945 712 omnium

156 762 307 816 concessu,
336 746 373 803 ad
398 766 538 805 summam
570 747 768 805 auctoritatem
795 747 901 819 dabat,
920 748 947 807 is

123 840 217 926 §ejus
242 832 358 899 omnem
385 861 465 918 spem
493 854 578 917 atque
608 842 706 901 omnia
731 842 796 901 vite
822 844 947 903 consilia

154 946 247 995 morte
265 938 409 1013 pervertit.
450 939 519 998 Fuit
533 940 590 997 hoc
603 939 768 999 luctuosum
780 940 849 1012 suis,
864 959 946 999 acer·

154 1033 222 1090 bum
240 1027 350 1109 patriae,
364 1054 451 1113 grate
471 1036 555 1093 bonis
575 1036 724 1093 omnibus:
746 1037 796 1094 sed
811 1036 832 1093 ii
845 1047 944 1097 tamen

152 1131 360 1206 rempublicam
388 1150 472 1189 casus
498 1132 592 1190 secuti
622 1142 699 1204 sunt,
726 1143 758 1191 ut
784 1133 855 1191 mibi
881 1152 944 1193 nou

69 1235 74 1241 ’
153 1236 251 1301 erepta
270 1226 304 1284 L.
325 1228 431 1287 Crasso
451 1248 468 1287 a
487 1229 553 1286 Diis
573 1228 782 1291 immortalibus
802 1229 870 1301 vita,
890 1230 945 1288 sed

106 1334 138 1381 10
153 1322 259 1381 donata
277 1342 365 1396 mors,
379 1343 443 1381 esse
458 1325 601 1383 uideatur.
642 1324 711 1383 Non
727 1325 801 1383 uidit
821 1324 944 1403 flagran-

152 1428 210 1475 tem
231 1418 307 1479 bello
324 1419 451 1492 ltaliam,
471 1439 531 1477 non
553 1420 699 1479 ardentem
727 1420 834 1479 iuridici
860 1440 945 1481 sena·

151 1526 223 1587 tum,
237 1534 296 1573 non
311 1517 428 1575 sceleris
447 1517 549 1575 nefarii
569 1508 714 1593 principes
727 1515 852 1573 civitatis
865 1535 942 1589 reos,

151 1630 210 1669 uon
241 1612 352 1670 luctum
386 1614 462 1683 filie,
489 1632 546 1671 non
580 1612 710 1671 exsilium
743 1612 853 1689 generi,
880 1631 943 1671 non
1046 1652 1047 1659 .

152 1708 365 1772 acerbissimam
387 1710 421 1767 G.
443 1708 532 1766 Marii
559 1709 667 1785 fugam,
687 1726 747 1765 non
774 1708 851 1767 illam
877 1718 944 1785 post

105 1820 136 1866 15
151 1804 275 1862 reditum
288 1804 352 1881 ejus
364 1804 471 1862 caedem
485 1802 619 1861 omnium
629 1802 867 1875 crudelissimam,
881 1822 942 1861 non

150 1900 276 1975 denique
296 1901 325 1957 in
346 1905 426 1957 omni
446 1919 552 1977 genere
579 1900 767 1958 deformatam
787 1916 851 1957 earn
871 1898 943 1957 civi·

151 2006 249 2068 tatem,
264 1995 294 2053 iu
308 1996 365 2071 qud
379 1996 440 2072 ipse
454 1995 656 2055 florentissima
669 1995 791 2054 multum
804 1994 941 2054 omnibus

149 2091 243 2170 glorid
255 2090 442 2166 prestitisset.

189 2285 245 2344 111.
278 2286 336 2344 Sed
369 2287 505 2361 quoniam
552 2286 632 2364 attigi
670 2286 847 2364 cogitatione
879 2287 940 2347 vim

102 2386 135 2437 2⁰
150 2383 373 2459 varietatemque
388 2383 517 2453 fortunae,
532 2401 590 2439 non
605 2383 753 2459 vagabitur
767 2383 859 2442 oratio
872 2402 942 2443 mea

150 2478 278 2556 longius,
298 2489 381 2556 atque
398 2480 441 2536 eis
462 2480 522 2537 lere
543 2478 612 2555 ipsis
631 2479 783 2537 delinietur
796 2479 874 2551 viris,
888 2482 940 2556 qui

149 2579 207 2635 boc
226 2594 369 2649 sermone,
389 2595 474 2651 quem
494 2578 601 2634 referre
622 2576 769 2651 ooepimus,
790 2576 940 2637 continen-

149 2684 205 2731 tur.
255 2673 334 2735 Quis
359 2674 437 2731 enim
464 2692 523 2730 non
547 2672 612 2750 jure
638 2673 750 2731 beatam
778 2672 811 2731 L.
832 2672 940 2742 ‚Crassi

150 2760 270 2829 mortem
297 2771 385 2842 illam,
408 2788 472 2844 quie
495 2779 539 2827 est
562 2789 580 2828 a
603 2768 699 2827 multis
725 2788 800 2845 sepe
823 2767 939 2843 defleta,

102 2878 135 2928 ὕ
150 2866 263 2937 dixerit,
283 2884 350 2925 cum
370 2865 473 2923 horum
500 2864 626 2940 ipsorum
654 2863 700 2937 sit,
721 2864 849 2941 quitum
870 2882 940 2923 curn

150 2964 200 3023 illo
228 2972 405 3039 postremum
438 2960 498 3019 fere
532 2960 677 3019 collocuti.
701 2970 777 3033 sunt,
804 2971 939 3019 eventum

149 3060 338 3121 reeordatust
362 3057 528 3120 -Tcuetnus
541 3056 619 3117 euim
633 3057 781 3131 memorii,
794 3056 835 3120 Q.
850 3056 941 3119 ccu-
