2109 3417
122 288 179 349 tot
439 303 483 352 oa
503 304 666 352 onarosat
853 304 892 365 [a.
902 304 954 351 111.

166 452 383 527 reprehendere,
396 454 532 529 quoniam
553 454 697 512 Antonius
714 452 785 511 mibi
797 462 827 512 te
840 452 954 511 similli-

165 566 243 606 mum
263 549 335 607 dixit
354 550 409 608 sibi
429 551 526 608 videri.
568 550 646 609 Tum
668 549 726 621 ille,
743 549 836 627 [Tum
855 552 951 632 quod]

166 646 276 703 monuit
302 646 389 718 idem,
415 656 448 703 ut
473 664 518 718 ea,
542 665 606 721 qum
632 647 664 705 in
688 665 799 722 quoque
827 647 954 705 maxima

166 754 270 812 essent,
286 742 477 800 imitaremur:
497 761 533 799 ex
553 761 610 817 quo
630 760 738 813 vereor,
752 761 789 799 ne
803 743 874 800 nihil
895 742 953 801 sim

136 837 219 908 brui,
233 838 289 895 uisi
312 838 521 914 supplosionem
540 837 631 914 pedis,
652 838 788 909 imitatus,
809 851 837 895 et
855 857 954 914 pauca

167 933 297 1007 quedam
323 935 418 1006 verba,
444 944 474 991 et
507 934 640 1009 aliquem,
666 934 690 991 si
723 934 803 1005 forte,
830 944 951 993 motum.

168 1027 247 1106 Ergo
268 1030 330 1099 ista,
345 1030 437 1105 inquit
456 1031 587 1103 Crassus,
605 1049 668 1105 quae
689 1030 775 1087 habes
790 1048 807 1087 a
820 1047 876 1100 me,
890 1048 953 1087 uon

167 1126 354 1200 reprebendo,
375 1145 412 1183 ne
431 1127 570 1202 meipsum
591 1125 739 1184 irrideam:
761 1138 827 1183 sunt
854 1135 953 1183 autem

168 1239 233 1277 mea
246 1221 334 1279 multo
352 1233 382 1279 et
398 1222 489 1298 plura,
503 1234 533 1279 et
546 1222 662 1299 majora,
677 1241 760 1297 quam
775 1222 864 1279 diois:
886 1241 954 1297 quae

123 1324 154 1373 tu
169 1326 264 1373 autem
282 1326 350 1374 suut
369 1329 417 1375 aut
436 1328 487 1376 tua
504 1318 599 1394 plane,
614 1327 662 1375 aut
680 1318 836 1375 imitatione
850 1336 887 1375 ex
901 1318 953 1375 ali·

168 1432 225 1488 quo
245 1432 388 1490 expressa,
409 1414 445 1471 de
468 1414 504 1472 iis
525 1425 564 1485 te,
585 1413 610 1471 si
633 1414 681 1490 qui
705 1432 750 1471 me
773 1412 846 1471 forte
866 1413 953 1472 loeus

168 1509 357 1584 admonuerit,
371 1510 567 1569 commonebo.

317 1622 328 1657 Ἁ

207 1703 292 1761 ΧΙΙΙ.
322 1702 528 1761 Praetereamus
555 1701 641 1779 igitur
672 1712 814 1779 praecepto
845 1701 952 1761 Latine

120 1863 122 1866 ,
168 1799 313 1874 loquendi,
337 1818 399 1874 quae
420 1799 537 1875 puerilis
559 1798 691 1857 doetriua
713 1798 808 1870 tradit,
831 1809 861 1857 et
885 1801 953 1857 sub-

124 1904 154 1953 15
168 1896 244 1953 tilior
264 1896 392 1972 cognitio
413 1914 447 1954 ao
465 1895 538 1953 ratio
558 1896 702 1953 literarum
727 1894 785 1967 alit,
807 1905 855 1954 aut
881 1914 952 1953 oon·

168 1990 289 2048 suetudo
309 1991 446 2049 sermonis
472 1990 629 2066 quotidiani
649 2010 684 2048 ao
703 1990 861 2062 domestici,
883 1992 951 2049 libri

168 2085 347 2157 oonfirmant,
361 2096 390 2144 et
411 2086 499 2145 leutio
519 2096 646 2145 veterum
668 2095 823 2159 oratorum,
838 2096 867 2144 et
880 2092 952 2163 pod-

168 2193 268 2240 tarum.
309 2182 412 2257 Neque
432 2200 499 2240 vero
519 2183 550 2239 in
570 2182 619 2241 illo
639 2182 726 2243 altero
746 2183 854 2241 diutius
874 2202 951 2241 oom-

139 2320 147 2369 ,
168 2295 320 2350 moremur,
339 2287 371 2336 ut
390 2278 576 2354 disputemus,
597 2277 699 2353 quibus
725 2279 811 2335 rebus
838 2278 950 2355 assequi

122 2373 154 2435 ii]
167 2373 316 2449 possimus,
343 2383 375 2431 ut
407 2392 451 2446 oa,
478 2394 540 2450 quae
571 2373 711 2445 dieamus,
744 2374 947 2452 intelligantur.

168 2468 270 2527 Latiae
283 2468 395 2528 scilieet
407 2470 540 2542 dioeado,
552 2469 644 2527 verbis
657 2470 778 2541 usitatis,
789 2488 824 2528 ao
836 2471 950 2547 proprie

168 2563 427 2623 demonstrantibus
440 2584 484 2638 ea,
497 2584 560 2642 que
579 2565 735 2643 signifioa'ri
755 2584 789 2625 ac
809 2566 947 2625 deelarari

167 2659 305 2732 volemus,
318 2661 381 2719 sine
401 2660 535 2738 ambiguo
555 2662 642 2719 verbo
662 2673 710 2718 aut
729 2679 870 2734 sermone,
887 2680 947 2720 oon

167 2756 253 2814 nimis
272 2756 360 2835 longi
378 2757 596 2817 oontiuuatione
615 2757 776 2830 verborum,
790 2775 848 2815 uon
866 2758 948 2817 valde

121 2852 312 2931 zproduetia
338 2854 383 2927 iis,
404 2873 467 2930 quo
491 2852 687 2911 similitudinis
713 2852 800 2913 eausd
826 2872 862 2913 ex
885 2854 948 2913 aliis

167 2950 253 3011 rebus
277 2950 493 3023 transferuntur,
520 2967 580 3008 nou
606 2948 756 3026 discerptis
788 2950 947 3023 sententiis,

166 3065 227 3109 uon
239 3046 417 3127 proponeris
429 3044 614 3123 temporibus,
628 3062 688 3117 non
707 3044 834 3107 oonsusis
851 3064 948 3124 perso·
