2109 3417
102 306 182 367 uu]
383 309 427 355 nu
447 310 610 357 oxxsoxu
890 295 929 353 ts

98 474 159 515 nou
179 456 268 517 videri
288 457 447 535 intelligere
465 459 542 535 quod
562 457 715 535 intelligas,
735 465 767 515 ut
786 454 883 513 Ponti-

99 553 175 623 dius,
190 560 208 585 “
217 554 344 615 Qualem
358 555 511 626 existimas,
524 556 574 629 qui
588 555 618 611 iu
634 553 771 611 adulterio
785 553 883 627 depre-

100 648 277 707 hendituri''
327 650 523 709 “Tardum’'
553 660 584 707 ut
610 668 675 726 ego,
702 650 752 723 qui
778 649 808 706 in
835 649 883 705 de-

97 743 186 815 lectu,
214 744 342 817 Metello,
363 765 430 805 oum
456 746 670 805 exeusationem
696 746 882 815 oeulorume

98 859 145 897 me
165 860 223 897 nou
244 842 397 917 acciperet,
417 853 446 900 et
464 834 593 913 dixisset,
609 842 684 899 “Tu
706 842 791 918 igitur
810 840 913 898 nihil5

98 936 177 999 vides
187 938 220 994 t”
246 945 281 971 ·“
290 938 355 1014 Ego
375 940 470 1009 vero,’'
487 938 611 1013 iuquam,
626 946 644 971 “
656 958 672 997 s
684 939 765 1013 porti
779 938 881 1011 Esqui-

97 1032 159 1089 lint
179 1033 263 1091 video
282 1034 378 1091 villam
399 1036 518 1091 tuam:'’
547 1044 581 1091 ut
602 1035 670 1093 illud
691 1034 816 1104 Neside,
831 1034 880 1107 qui

96 1146 163 1183 eum
182 1128 217 1185 ed
235 1134 350 1203 poetam
368 1129 494 1187 Ennium
510 1130 641 1201 venisset,
656 1130 741 1203 eique
756 1130 790 1186 ab
804 1130 879 1187 ostio

96 1224 234 1297 querenti
261 1224 398 1295 Euuiunt,
426 1226 529 1283 aneilla
562 1225 689 1295 dixisset,
716 1224 795 1281 domi
821 1244 880 1281 non

96 1337 175 1388 esse;
197 1319 307 1377 Nssioe
325 1320 423 1391 sensit,
437 1320 516 1378 illam
536 1321 658 1377 domini·
663 1321 743 1395 jussu
764 1321 878 1391 dixisse,
897 1332 927 1381 10

4 1422 8 1433 “
96 1429 127 1471 et
141 1414 220 1472 illum
239 1415 315 1473 intus
333 1434 414 1473 esse:
434 1416 535 1491 paucis
554 1425 618 1490 post
638 1415 748 1487 diebus,
764 1416 879 1473 eumad

96 1509 235 1570 Nasicam
254 1512 379 1568 venisset
398 1511 520 1581 Ennius,
534 1521 563 1567 et
576 1530 642 1567 eum
664 1530 680 1567 u
697 1511 785 1586 janui
806 1530 880 1585 quae·

96 1617 182 1678 reret,
196 1607 338 1665 exolamot
356 1606 476 1678 Nasies,
490 1626 522 1663 se
541 1606 619 1665 domi
639 1626 698 1663 non
718 1625 796 1663 esse:
818 1616 879 1663 tum

97 1702 218 1774 Ennius,
247 1703 375 1764 “Quidt
409 1721 464 1779 ego
492 1721 551 1759 non
578 1720 724 1779 cognosco
750 1703 877 1773 vocem,'’

20 1821 24 1832 ·
98 1798 199 1874 inquit,
214 1806 232 1831 “
242 1800 363 1856 tuami’'
404 1798 464 1857 Hie
474 1798 593 1870 Nasica,
606 1806 624 1832 “
635 1798 731 1855 Homo
746 1818 777 1855 es
791 1798 880 1874 impu·
897 1811 927 1859 15

97 1894 185 1951 dens:
205 1914 258 1971 ego
272 1913 338 1952 oum
353 1904 381 1952 te
401 1913 566 1969 quaererem,
581 1895 691 1952 aneillae
713 1904 768 1951 tuae
790 1894 881 1951 eredi-

96 1990 136 2063 di,
157 2001 186 2048 te
206 1991 284 2047 domi
299 2010 357 2047 uon
372 2010 451 2048 esse:
472 2001 504 2048 tu
517 1990 587 2048 mihi
601 1990 768 2057 nonoredis
782 1991 876 2066 ipsi!”

135 2088 188 2144 Est
208 2088 315 2145 bellum
335 2087 405 2144 illud
425 2106 548 2161 quoque,
563 2106 599 2145 ex
614 2107 669 2162 quo
684 2088 717 2158 is,
732 2088 780 2162 qui
797 2088 878 2161 dixit,

97 2182 229 2241 irridetur
250 2183 281 2240 iu
300 2202 336 2241 eo
355 2184 417 2258 ipso
437 2202 552 2259 genere,
572 2202 628 2257 quo
648 2183 736 2241 dixit:
757 2194 797 2255 ut,
813 2203 878 2241 oum

95 2278 135 2339 Q.
150 2278 283 2353 Opimius
302 2279 471 2349 consularis,
487 2278 536 2352 qui
558 2278 786 2337 adolescentulus
806 2280 879 2337 male
894 2292 925 2342 20

98 2372 232 2443 audisset,
260 2374 360 2431 festivo
389 2375 498 2433 homiui
531 2375 634 2451 Egilio,
662 2376 711 2449 qui
738 2376 878 2433 videretur

96 2468 219 2539 mollior,
242 2488 297 2527 nee
323 2480 406 2541 esset,
431 2471 557 2541 dixisset,
583 2472 691 2533 “Quid
717 2482 758 2547 tu,
783 2472 879 2549 Egilia

96 2566 181 2623 mesi
210 2566 324 2641 quando
353 2566 387 2623 ed
413 2585 460 2623 me
484 2567 564 2623 venis
590 2586 656 2625 oum
682 2568 734 2624 tud
760 2568 826 2626 eolu
850 2579 879 2626 et

95 2660 206 2718 lsndU'
248 2666 267 2692 “
276 2660 355 2738 Non,
373 2660 448 2735 pol,''
464 2661 566 2735 inquit,
588 2662 724 2720 “sudeo:
745 2682 811 2728 num
828 2683 878 2727 ‚me

95 2757 132 2815 sd
147 2756 269 2813 famosas
282 2757 371 2815 vetuit
384 2766 473 2815 mater
488 2758 653 2815 secedere.'’
892 2773 924 2839 25

134 2948 244 3007 LXIX.
277 2948 359 3007 Salsa
377 2960 443 3008 suot
461 2949 560 3022 etium,
581 2970 644 3025 quae
663 2952 769 3013 habent
789 2952 878 3029 suspi·

96 3045 209 3103 oiouem
229 3045 343 3103 ridiculi
358 3047 564 3131 absconditam,
585 3066 641 3122 quo
662 3048 691 3105 iu
711 3066 816 3125 genere
832 3058 878 3105 est
