2109 3417
120 320 178 380 128
436 327 479 375 uu
503 327 668 375 sannone.
855 328 963 388 [nnn.

201 478 298 537 Etiam
317 478 382 550 hac,
401 478 431 536 iu
451 479 638 550 instituendo,
658 478 800 537 divisione
819 488 954 551 utuntur,

162 574 213 633 sed
240 575 289 646 ita,
315 593 375 631 non
402 585 432 632 ut
456 575 519 652 jure
548 585 597 632 sut
619 574 740 651 judicio,
768 584 800 633 ut
826 574 961 651 denique
1031 550 1032 643 i

162 687 333 746 recuperare
360 671 491 728 amissam
520 671 742 746 possessionem,
769 670 820 727 sed
846 680 888 742 ut,
917 686 957 728 cx
1031 654 1032 675 ἲ

161 766 225 843 jure
238 766 315 823 civili
335 766 450 824 surculo
468 766 667 844 defringendo,
683 784 819 841 usurpare
835 766 957 824 videan-

132 871 217 919 ttur.
258 861 335 920 Nam
356 862 425 920 illud
450 862 569 920 alterum
597 882 698 939 genus,
720 862 795 938 quod
815 872 861 920 est
881 874 958 920 tem·

162 959 290 1035 poribus,
317 958 400 1030 iocis,
427 959 485 1017 reis
511 959 671 1030 definitum,
698 960 838 1031 obtinent,
865 970 954 1035 atque

163 1054 286 1130 idipsum
307 1054 422 1113 lacinii.
476 1054 566 1113 Nunc
593 1055 669 1112 enim
692 1055 765 1131 apud
786 1054 952 1128 Philonem,

162 1169 248 1226 quern
268 1151 297 1207 in
318 1150 478 1208 Academii
499 1152 621 1209 maxime
635 1152 732 1228 vigere
752 1151 848 1223 sudio,
864 1153 954 1210 etiarn

163 1246 263 1304 harum
292 1247 351 1323 jam
379 1265 531 1304 causarum
564 1248 693 1323 cognitio
726 1248 953 1323 exercitatioque

118 1356 149 1406 10
163 1342 332 1401 celebratur.
373 1343 506 1401 Alterum
519 1360 587 1399 vero
602 1343 799 1400 tantummodo
814 1344 845 1400 in
857 1344 954 1419 primi

164 1449 224 1497 arte
237 1438 376 1497 tradendi
395 1440 554 1510 nominant,
569 1449 598 1496 et
611 1438 732 1496 oratoris
752 1458 815 1496 esse
832 1438 953 1499 dicunt:

163 1537 214 1595 sed
234 1555 327 1611 neque
347 1537 404 1612 viru
424 1554 518 1610 neque
539 1546 668 1592 naturam
690 1535 760 1611 ejus,
781 1554 839 1592 nec
856 1548 955 1611 partes

163 1652 219 1691 uec
252 1651 359 1710 genero
390 1644 568 1707 proponunt;
603 1641 636 1689 ut
660 1632 800 1707 praeteriri
833 1634 955 1691 omuino
1031 1660 1032 1678 1

163 1729 249 1788 inerit
280 1730 379 1799 satius,
407 1746 492 1803 qnam
526 1737 695 1787 attentatum
729 1728 838 1786 deseri:
873 1748 956 1787 nunc

118 1839 149 1888 15
163 1826 240 1883 enirn
262 1825 360 1901 inopii
379 1824 502 1883 reticere
521 1823 737 1902 intelliguntnr3
762 1835 823 1883 tum
840 1824 956 1902 jndicio

163 1922 334 1980 viderentur.

202 2112 319 2172 XXIX.
350 2114 454 2171 Omnis
474 2114 562 2191 igitur
575 2132 621 2171 res
636 2114 757 2171 eandem
771 2114 857 2174 habet
869 2128 954 2175 natu-
1029 2120 1030 2195 ξ

162 2227 225 2266 rum
258 2210 431 2286 ambigendi,
460 2210 496 2267 ds
523 2210 582 2285 qui
613 2210 701 2285 quari
734 2220 763 2268 st
795 2211 951 2288 disceptari

162 2315 265 2382 potest,
286 2306 345 2364 sire
365 2306 395 2363 in
415 2306 534 2364 infinitis
558 2306 817 2363 consultationibus
841 2307 953 2387 discep-

116 2412 148 2463 tto
161 2410 247 2473 tatur,
271 2402 384 2459 sivein
409 2402 444 2459 iis
467 2402 563 2460 causis
586 2418 649 2477 quc
673 2402 702 2459 in
727 2402 843 2461 civitate
866 2415 897 2462 et
921 2406 951 2464 in

161 2497 267 2556 sorensi
288 2497 495 2575 disceptatione
514 2509 678 2557 versantur:
704 2516 797 2575 neque
816 2508 860 2557 est
881 2502 949 2574 ulia,

161 2614 225 2670 quse
245 2612 304 2652 uon
324 2605 373 2652 aut
393 2594 428 2651 ad
450 2594 647 2670 cognoscendi
662 2594 759 2652 autad
774 2596 949 2672 agendivim

161 2692 358 2765 rationemque
376 2692 523 2749 referatur.
572 2691 602 2749 N
605 2710 649 2749 sm
671 2702 719 2749 aut
739 2692 801 2768 ipsa
820 2696 948 2771 cognitio

160 2789 202 2846 rei
229 2787 405 2863 scientiaque
430 2787 619 2863 perquiritur;
647 2797 688 2860 ut,
703 2787 802 2846 Virtus
829 2810 948 2849 suamne

114 2898 147 2947 π
160 2896 274 2963 propter
294 2884 473 2963 dignitatem,
495 2903 532 2941 an
549 2893 664 2959 propter
690 2884 799 2943 fructus
826 2886 946 2962 sliquos,

160 2983 327 3058 expetaturi
349 2990 397 3038 aut
417 2980 521 3056 agendi
543 2980 696 3039 consilium
716 2980 884 3057 exquiritur,
905 2995 945 3057 ut,

164 3078 243 3136 iitue
256 3076 378 3155 sapienti
388 3075 566 3153 capessenda
578 3076 760 3152 respublica?
800 3077 947 3156 Cognitio-
