2109 3417
136 285 194 345 168
310 298 316 313 “
451 299 496 346 ue
515 299 679 351 ounuoan
880 299 964 362 [uu

54 500 66 518 χ
176 442 246 502 tiam
273 455 302 503 et
327 447 490 522 opinionem
517 449 625 528 meam)
652 448 709 506 hue
742 447 963 508 instrumentum

175 559 328 598 causarum
354 553 385 600 et
409 562 547 620 generum
574 545 772 602 universorum
806 545 836 602 in
868 545 963 604 iorum

176 637 288 697 deferre
307 638 455 711 debemus,
475 626 579 715 neque,
601 650 632 699 ut
653 657 772 716 quaeque
795 659 842 698 res
868 641 963 700 delate

177 733 278 792 adnos
297 733 360 806 erit,
374 744 435 792 tum
456 736 580 812 denique
600 735 722 794 serutari
741 736 832 808 louos,
847 754 883 794 ex
902 735 963 812 qui·

145 829 230 887 ebus
244 841 411 907 argumenta
427 850 576 902 eruamus;
598 851 663 908 quae
680 831 795 908 quidem
816 832 960 906 omnibus,

174 926 224 1001 qui
248 945 283 984 ea
307 928 489 985 mediocriter
513 929 599 993 modu
622 927 842 1000 considerarim,
866 929 961 988 studio

177 1022 305 1080 adhibito
325 1036 353 1081 et
373 1043 436 1094 usu,
459 1035 632 1101 pertractata
658 1007 721 1083 esse
747 1035 881 1102 possunt;
909 1023 961 1082 sed

174 1129 271 1176 tamen
292 1119 403 1177 animus
424 1120 589 1181 referendus
608 1132 651 1178 est
666 1121 699 1178 ad
715 1140 750 1178 ea
763 1120 867 1196 eapite,
880 1129 910 1179 et
924 1118 962 1179 ad

176 1214 250 1285 illos,
263 1233 335 1290 quos
354 1235 429 1290 saepe
446 1216 504 1291 jam
525 1216 674 1292 appellavi,
692 1216 781 1289 locos,
803 1235 838 1274 ex
857 1217 961 1292 quibua

129 1319 162 1368 it)
175 1311 273 1368 omnia
293 1312 327 1369 ad
347 1330 461 1368 omnem
485 1313 644 1370 orationem
668 1313 784 1371 inventa
806 1313 959 1372 ducuntur.
1050 1313 1051 1324 ¹

176 1407 273 1480 Atque
285 1407 350 1464 irou
370 1419 459 1464 totum
479 1418 523 1464 est
543 1408 602 1464 sive
621 1409 697 1479 artis,
712 1408 771 1466 eive
786 1407 961 1466 animadver·
1050 1423 1051 1432 ¹

176 1503 275 1574 sionis,
290 1504 348 1560 aive
369 1503 595 1574 consuetudinis,
608 1503 701 1561 nosse
722 1504 864 1580 regiones,
884 1503 961 1562 intra
1050 1535 1051 1554 i

52 1668 55 1677 ,
174 1619 246 1674 quas
272 1619 375 1658 venere
394 1609 424 1656 et
442 1600 627 1677 pervestigare,
648 1601 724 1675 quod
751 1619 875 1676 quaeras:
909 1600 960 1658 ubi

174 1713 241 1753 eum
256 1697 353 1755 loeum
366 1714 479 1754 ornnem
501 1695 676 1772 cogitatione
690 1695 821 1771 nupseris,
835 1695 858 1752 si
872 1695 962 1756 modo

130 1801 161 1850 15
175 1811 257 1852 usum
272 1811 366 1850 rerum
384 1791 577 1869 percallueris,
593 1791 663 1850 nihil
685 1802 713 1849 te
733 1791 860 1868 effugiet,
875 1802 962 1867 atque

109 1889 115 1898 '
175 1905 271 1960 omne,
285 1889 361 1964 quod
375 1888 431 1946 erit
444 1887 474 1946 iu
488 1906 530 1960 re,
544 1897 677 1946 uoeurret
687 1895 776 1963 atque
789 1887 906 1946 inuidet.

214 2079 343 2137 XXXV.
374 2079 413 2137 Et
441 2079 495 2150 sio,
521 2099 588 2136 uum
623 2078 658 2136 ad
692 2077 895 2140 inveniendum
929 2078 961 2140 in

175 2174 300 2235 dieendo
319 2175 375 2233 tria
393 2175 621 2247 sint3-aournen‚
642 2175 747 2233 deinde
770 2175 852 2247 ratio,
874 2194 960 2251 quem

174 2270 244 2331 lieet
271 2270 310 2346 (si
336 2271 481 2351 volumus)
509 2271 684 2347 appellemus
717 2282 816 2342 artem,
843 2271 960 2330 tertium

127 2372 161 2423 8]
175 2365 339 2442 diligentia3
372 2384 430 2423 non
456 2385 572 2441 possum
599 2364 731 2440 equidem
756 2383 816 2422 uon
841 2365 961 2442 ingenio
1050 2361 1051 2364 ’

173 2460 281 2536 primas
300 2460 478 2519 concedere:
505 2461 555 2518 sed
576 2469 672 2518 tamen
693 2459 787 2536 ipsum
810 2459 962 2536 ingenium

173 2556 325 2633 diligentia
344 2555 429 2614 etiarn
450 2575 486 2614 ex
505 2555 639 2614 tarditate
660 2555 777 2614 inuitat:
799 2555 963 2633 diligentia,
1050 2607 1051 2622 ,

173 2652 301 2728 inquam,
321 2672 395 2727 que,
416 2671 482 2710 oum
507 2652 641 2711 omnibus
667 2651 696 2710 in
724 2652 819 2722 rebus,
841 2662 901 2710 tum
927 2651 962 2714 io

174 2749 270 2807 causis
290 2748 487 2818 defendendis,
505 2748 664 2824 plurimum
684 2747 774 2806 valet:
804 2747 867 2806 haee
886 2739 963 2824 praass
1050 2819 1051 2830 ἵ

126 2853 160 2905 5
174 2844 259 2920 oipue
272 2844 396 2902 eoienda
408 2855 452 2901 eat
461 2843 561 2913 nobis;
582 2843 645 2909 hee
656 2861 767 2918 semper
779 2843 961 2916 adhibenda;

174 2941 248 3010 nea,
261 2939 332 2999 nihil
352 2950 405 3011 eat,
419 2940 494 3016 quod
514 2953 574 2998 uuo
594 2949 768 3018 assequatur.
809 2937 906 3008 Causa
924 2950 962 3002 rrt

174 3037 289 3118 penum
304 3034 392 3114 (quod
406 3035 489 3096 initio
501 3033 574 3114 diui)
588 3045 657 3097 nota
674 3033 723 3107 ait,
734 3031 883 3112 diligentia
895 3045 960 3098 est:
