2109 3417
116 286 157 347 tro
434 294 478 344 un
498 294 662 343 carrona.
865 298 946 357 [uu.

159 454 219 502 tota
238 443 372 504 narratio.
413 442 560 502 Addidisti
581 443 748 514 clausulam,
762 444 825 503 toti
841 445 948 504 Tarra·

160 541 228 598 cini
241 550 301 599 tum
319 540 452 599 omnibus
465 541 496 598 in
510 541 666 618 parietibus
686 540 839 617 inscriptas
858 542 947 600 fuisse

159 637 266 706 literas,
287 637 342 694 tria
361 636 454 707 LLL,
468 638 527 694 duo
548 636 615 693 MM
626 654 633 695 :
654 656 721 695 cum
742 655 895 712 quereres,
916 638 946 695 id

159 734 226 808 quid
241 744 325 806 esset,
340 753 438 791 senem
455 734 508 791 tibi
527 734 671 809 quendam
690 734 863 811 oppidanum
885 735 947 793 dix·
1037 727 1040 745 ³

130 830 225 897 birse,
254 830 404 887 “Lacerat
427 830 566 887 lacertum
591 829 688 907 Largii
713 830 830 887 mordax
854 830 946 888 Mem·

159 919 260 984 mius.”
301 924 477 1001 Perspicitis,
490 927 546 983 hoo
556 946 648 1003 genus
659 946 743 1001 quam
758 927 794 983 sit
809 927 944 998 facetum,

159 1042 242 1098 quam
256 1023 381 1098 elegans,
397 1042 482 1098 quam
496 1023 660 1095 oratorium,
675 1024 734 1080 sive
748 1022 864 1095 babeas,
879 1042 945 1080 vcra

159 1118 235 1193 quod
249 1136 365 1175 narrare
377 1119 470 1194 possis
486 1118 577 1195 (quod
591 1130 687 1177 tamen
701 1129 744 1177 cst
757 1119 945 1177 mendaciun-

160 1214 233 1271 culis
247 1214 480 1294 aspergendum),
491 1217 551 1272 sive
565 1216 664 1292 lingas.
705 1216 758 1273 Est
773 1226 868 1273 autem
881 1216 944 1273 haec

115 1320 146 1368 10
160 1309 245 1386 hujus
264 1312 377 1388 generis
397 1312 495 1382 virtus,
508 1322 541 1369 ut
556 1312 595 1369 ita
616 1312 692 1369 facta
710 1312 898 1382 demonstres,
913 1322 945 1369 ut

158 1426 253 1464 mores
272 1409 344 1484 ejus,
359 1408 395 1466 de
414 1426 472 1483 quo
492 1426 600 1478 narres,
615 1417 647 1465 ut
667 1426 770 1478 sermo,
787 1417 818 1465 ut
838 1408 943 1479 vultus,

158 1522 258 1563 omncs
270 1504 473 1582 exprimantur,
488 1514 519 1561 ut
533 1504 578 1574 iis,
593 1503 643 1579 qui
664 1504 791 1575 audiunt,
806 1515 867 1561 tum
881 1504 943 1580 geri

159 1600 209 1659 illa
220 1601 337 1676 fierique
348 1601 505 1659 videantur.
546 1599 581 1657 In
595 1618 626 1657 rc
639 1610 683 1657 est
696 1600 763 1657 item
779 1600 943 1670 ridiculum,

159 1699 235 1772 quod
249 1716 284 1754 cx
297 1698 420 1773 quddam
435 1696 588 1771 depravati
599 1696 759 1753 imitatione
771 1696 845 1753 sumi
859 1696 943 1767 solet,

113 1804 144 1852 15
159 1805 191 1851 ut
214 1794 290 1851 idem
314 1795 445 1864 Crassus,
469 1798 548 1869 “per
572 1802 650 1850 tuam
677 1792 866 1863 nobilitatem,
891 1810 944 1867 per

157 1900 280 1946 vestram
307 1890 472 1947 familiam.’'
521 1889 605 1951 Quid
633 1889 710 1946 aliud
737 1888 800 1960 fuir,
828 1888 857 1945 in
884 1906 945 1963 quo

158 1985 262 2042 concio
282 1985 396 2057 rideret,
411 1986 467 2042 nisi
486 1986 536 2043 illa
552 1984 645 2043 vultis
658 1995 687 2045 et
701 1984 779 2043 vocis
799 1985 943 2042 imitatiol

158 2081 241 2137 “Per
262 2090 325 2138 tuas
345 2084 477 2139 statuas¹'
497 2100 564 2140 vero
588 2100 653 2138 cum
675 2082 756 2154 dixit,
778 2091 806 2139 ct
826 2090 943 2139 extento

157 2176 276 2233 brachio
295 2175 441 2252 paululum
462 2178 548 2236 etiam
568 2177 604 2237 de
624 2188 707 2255 gestu
726 2177 845 2248 addidit,
859 2177 943 2233 rehe-

111 2274 143 2323 20
158 2272 281 2329 mentius
301 2272 424 2331 risimus,
464 2273 508 2332 Ex
531 2274 588 2331 boc
608 2291 714 2351 genere
734 2282 777 2331 est
798 2273 847 2330 illa
865 2272 943 2329 Ros-

157 2368 242 2425 ciana
261 2368 384 2426 imitatio
403 2370 496 2427 senis:
521 2370 621 2427 “Tibi
641 2388 708 2447 ego,
728 2368 868 2444 Antipho,
889 2369 942 2427 bas

156 2465 249 2535 sero,''
271 2463 380 2539 inquit:
404 2465 515 2523 senium
539 2476 591 2539 est,
614 2484 679 2525 cunr
708 2464 802 2523 audio.
845 2465 941 2540 Atque

156 2560 198 2617 ita
221 2570 265 2617 cst
290 2570 382 2619 totum
408 2561 464 2619 boc
489 2561 552 2636 ipso
582 2580 688 2639 genere
717 2560 882 2630 ridiculum,
909 2574 941 2618 ut

156 2656 321 2715 cautissime
341 2657 522 2717 tractandum
542 2659 587 2715 ait.
621 2656 784 2715 'Mimorum
805 2668 849 2715 eat
862 2656 940 2714 enim

109 2764 141 2814 25
155 2754 364 2833 ethologorum,
391 2755 416 2812 si
441 2754 532 2812 nimia
557 2765 600 2811 est
629 2754 762 2825 imitatio,
788 2754 864 2811 sicut
889 2752 941 2809 ob·

154 2852 297 2911 scoenitas.
337 2852 444 2911 Orator
464 2848 597 2925 surripiat
614 2860 727 2926 oportet
740 2850 939 2918 imitationem,

154 2958 187 3005 ut
206 2949 240 3020 is,
261 2949 311 3025 qni
338 2950 444 3019 audiat,
469 2947 576 3023 cogitet
602 2948 693 3023 plura,
715 2965 799 3022 qnam
828 2946 938 3003 videat:

152 3055 268 3122 prestet
292 3045 370 3102 idem
396 3043 603 3119 ingenuitatem
629 3056 659 3101 et
684 3044 816 3103 ruborem
844 3061 940 3113 suum,
1039 3090 1040 3097 ,
