2109 3417
112 332 140 377 ι.
151 331 194 389 n]
394 328 439 376 nn
459 322 623 377 omromr.
902 316 941 375 tl

113 477 200 549 idem,
227 494 293 534 cnm
327 477 476 537 brachium
509 476 740 547 concnlefeoerit,
770 485 832 533 tum
863 494 897 533 oe

113 573 205 630 coiere
224 591 369 649 pugnero:
389 592 482 649 neque
503 573 633 644 attendit,
648 591 697 631 coo
716 572 802 648 ipsos,
818 572 897 629 unde

113 668 169 726 hoc
188 670 282 727 simile
300 670 397 741 ducat,
412 669 475 727 illas
487 670 594 745 primas
613 668 709 726 hastas
729 669 769 725 ite
785 668 897 744 jactare

112 764 224 837 leniter,
245 775 277 822 ut
296 776 326 823 ct
345 766 486 823 venustati
505 766 550 823 vel
570 764 694 823 maxime
713 764 846 839 cerviam,
866 774 896 821 et

112 858 231 936 reliquis
262 858 369 919 riribu's
397 858 461 918 'sois
493 861 654 918 consulant.
714 858 818 935 Neque
851 869 925 919 ests

112 958 241 1029 dubium,
268 958 338 1033 quin
370 958 518 1039 exordium
545 956 660 1015 dicendi
687 958 840 1014 vehemens
866 966 896 1013 et

96 1040 227 1130 'pugnax
245 1072 305 1110 non
324 1072 400 1129 crepe
419 1072 482 1111 esre
507 1054 629 1111 debeat:
655 1053 715 1124 sed,
736 1053 760 1109 ei
781 1052 811 1110 in
832 1052 895 1128 ipso

112 1150 162 1206 iiio
181 1149 351 1227 gladiatorio
364 1149 429 1207 vitoe
448 1149 614 1220 certamine,
628 1168 684 1224 quo
703 1149 777 1206 ferro
797 1148 883 1206 decer

112 1245 309 1316 nitur,·tamen
330 1255 396 1303 ente
415 1263 601 1322 congressum
621 1245 711 1307 multe
730 1245 811 1316 fiunt,
831 1264 894 1321 quer

111 1360 169 1398 non
176 1342 220 1398 ‘ed
233 1342 344 1413 vulnus,
359 1341 410 1398 sed
425 1342 461 1398 cd
474 1342 611 1417 speciem,
621 1342 715 1398 valere
728 1340 893 1411 rideantur3
909 1349 940 1399 10

113 1446 220 1509 quanto
234 1436 397 1512 hocmogis
417 1436 447 1493 in
466 1437 597 1493 oratione
616 1435 849 1511 exspectandum,
863 1435 894 1493 in

113 1531 170 1605 qud
189 1550 248 1588 non
268 1532 310 1588 vis
330 1531 434 1607 potius,
454 1532 505 1589 oed
532 1531 696 1599 delectatio,
715 1531 893 1607 postulaturi

112 1626 194 1683 Nihil
220 1638 265 1684 est
289 1628 413 1702 denique
438 1627 469 1685 in
496 1626 599 1684 nature
627 1644 722 1683 rerum
754 1626 893 1699 omnium,

112 1721 189 1796 quod
214 1741 247 1780 se
271 1723 436 1781 univercum
461 1723 625 1799 profundat,
646 1732 676 1779 et
700 1722 774 1797 quod
802 1731 893 1779 totum

112 1828 228 1893 repente
250 1820 369 1877 evolett.
386 1819 430 1877 ric
456 1819 562 1891 omnia,
582 1838 646 1894 qun
672 1818 754 1889 fiunt,
774 1836 894 1893 queque
908 1819 939 1869 15

114 1924 236 1990 aguntur
262 1915 408 1987 acerrime,
436 1916 593 1975 lenioribus
618 1914 767 1992 principiis
792 1925 895 1973 natura

112 2010 342 2086 ipsapraetexuit

151 2106 224 2165 Hoec
245 2118 339 2165 autem
360 2107 391 2165 in
410 2108 535 2166 dicendo
561 2124 620 2165 non
646 2107 824 2165 extrinsecus
844 2106 894 2164 ali-

112 2204 208 2261 cunde
226 2204 388 2279 querenda,
408 2204 459 2261 sed
479 2223 516 2261 ex
534 2204 604 2279 ipsis
623 2203 779 2261 visceribus
800 2222 894 2261 cause

112 2300 251 2357 sumenda
273 2309 347 2357 sunt
387 2299 512 2371 idcirco,
537 2300 598 2357 toti
622 2299 709 2357 causi
733 2299 939 2375 pertentntdtto

114 2402 198 2467 atque
221 2395 382 2469 perspecti,
406 2395 478 2453 locis
502 2394 635 2453 omnibus
662 2394 784 2452 inventis
810 2404 896 2470 atquc

113 2488 269 2561 inctructis,
285 2490 524 2548 considerandum
546 2500 598 2561 cst,
619 2508 677 2565 quo
695 2489 838 2566 principio
857 2491 896 2549 sit

58 2603 68 2618 ¹
113 2582 268 2641 utendumi
295 2584 339 2642 cic
361 2594 391 2641 et
411 2585 496 2643 focile
521 2585 685 2661 reperietur.
739 2586 895 2645 Sumentur

63 2698 65 2702 ·
112 2677 191 2736 enim
211 2696 247 2736 ex
265 2677 303 2737 iic
320 2680 415 2751 rebus,
436 2699 499 2755 quae
521 2691 605 2739 erunt
631 2679 780 2739 uberrime
799 2681 843 2739 rol
864 2682 894 2739 in

112 2775 298 2851 argumentis,
324 2774 369 2832 vel
395 2775 426 2834 in
452 2775 489 2833 iio
512 2776 651 2852 portibus,
677 2776 713 2835 od
739 2796 809 2851 ques
835 2777 938 2834 dixitt'v

112 2870 224 2949 digredi
244 2890 321 2949 sepe
338 2883 478 2949 oportere.
517 2873 564 2932 Ito
581 2883 612 2932 ot
630 2875 768 2932 momenti
788 2874 894 2949 aliquid

113 2969 242 3041 odorent,
262 2987 329 3027 cum
348 2980 432 3029 oront
450 2988 533 3047 pene
551 2990 587 3029 ex
606 2970 707 3029 intime
727 2970 895 3029 defensione

112 3064 289 3143 deprompto,
303 3078 333 3125 et
352 3068 508 3145 apparebit,
520 3086 558 3127 cc
569 3086 629 3126 non
648 3067 734 3126 modo
753 3084 813 3125 non
831 3081 896 3125 csso

190 3179 255 3221 von.
269 3182 301 3222 rr.
419 3164 440 3221 6
