2109 3417
111 240 149 301 48
430 253 473 301 ns
495 252 660 299 onrroan.
868 253 938 313 [nr

153 400 266 471 uberes,
289 410 318 457 et
344 400 378 458 ad
403 401 571 459 memoriam
594 400 668 459 firmi
692 410 777 475 atque
799 400 937 460 diuturni.

153 494 192 553 Et
211 495 235 553 si
257 496 320 569 quis
341 506 393 568 est,
408 497 457 571 qui
478 497 541 553 haec
560 507 641 571 putet
662 507 722 556 orte
736 497 829 573 accipi
842 515 937 572 posse,

154 590 243 668 (quod
264 593 364 651 falsum
386 603 444 662 est;
465 593 602 669 praeclare
622 593 699 649 enirn
718 612 750 649 se
764 612 810 650 res
824 595 937 667 habeat,

153 688 177 745 si
204 690 267 747 haeo
294 690 424 760 accendi,
445 700 493 747 aut
520 689 694 747 commoveri
722 699 781 747 arte
808 690 936 765 possint:

123 784 239 843 dinseri
267 786 393 861 quidem,
418 797 447 843 et
470 785 569 843 donari
597 787 633 843 ab
657 797 717 842 arte
737 805 796 843 non
816 797 938 863 possunt

151 882 264 951 omnia;
292 893 358 939 runt
383 882 461 941 euim
488 882 538 940 illa
564 883 641 939 dona
666 885 789 960 naturae)
810 883 936 958 quidde

152 977 209 1035 illis
230 978 316 1049 dicet,
331 998 394 1052 quie
416 991 494 1037 certe
515 998 582 1035 curn
605 979 667 1053 ipso
686 978 801 1035 homine
815 997 937 1037 nascun-

152 1076 217 1133 turi
244 1075 349 1150 linguae
376 1074 491 1145 solutio,
512 1075 590 1133 vocis
614 1093 711 1145 sonus,
731 1074 830 1145 latera,
851 1074 935 1146 vires,

152 1170 341 1228 conformatio
374 1172 502 1245 quaedam
530 1181 560 1227 et
586 1171 677 1248 figura
709 1170 797 1227 totius
822 1170 880 1227 oris
906 1180 936 1227 et

108 1260 138 1309 ¹⁰
152 1266 299 1340 corporis?
345 1266 449 1342 Neque
469 1268 532 1324 haec
552 1268 593 1324 ita
612 1268 689 1339 dico,
710 1278 742 1324 ut
762 1286 809 1323 ars
827 1267 934 1342 aliquid

150 1362 250 1419 limare
270 1382 327 1421 non
347 1364 451 1438 possit:
474 1363 580 1439 (neque
601 1364 679 1421 enirn
700 1363 812 1441 ignoro,
825 1373 855 1420 et
869 1382 933 1438 quae

151 1458 226 1515 bona
245 1459 311 1529 sint,
333 1460 394 1517 fieri
415 1460 534 1517 meliora
552 1478 636 1534 posse
660 1460 803 1531 doctrind,
823 1470 852 1517 et
871 1480 934 1535 quae

151 1572 208 1611 non
228 1554 344 1629 optima,
360 1555 456 1630 aliquo
477 1556 564 1611 modo
584 1555 649 1612 acui
670 1566 766 1613 tamen
782 1564 811 1612 et
827 1556 934 1633 corrigi

150 1652 265 1730 posse:)
288 1650 336 1707 sed
358 1662 424 1712 sunt
444 1651 559 1725 quidam
575 1663 624 1708 aut
638 1651 678 1708 ita
690 1651 790 1728 lingui
804 1652 934 1709 haesitan-
1028 1658 1037 1675 ⁰

102 1740 136 1799 rs
151 1756 203 1816 tes,
219 1757 267 1803 sut
288 1747 327 1805 ita
347 1766 417 1805 voce
439 1747 549 1818 absoni,
565 1757 614 1804 aut
634 1748 675 1804 ita
693 1748 782 1819 vultu,
799 1758 934 1822 motuque

151 1844 280 1919 corporis
293 1844 363 1901 vasti
379 1855 463 1918 atque
478 1856 613 1921 agrestes,
628 1855 669 1914 ut,
684 1844 795 1902 etiarnsi
810 1844 934 1921 ingeniis

151 1950 235 2013 atquo
257 1951 316 1997 arte
335 1942 455 2007 valeant,
470 1951 566 1998 tamen
582 1940 610 1997 in
625 1953 768 1997 oratorum
783 1960 933 1999 numerum

150 2035 247 2091 venire
268 2055 324 2093 non
345 2036 461 2110 possint.
504 2038 578 2093 Sunt
600 2046 693 2093 autern
714 2036 829 2111 quidam
850 2037 890 2093 ita
903 2037 933 2095 in

150 2129 249 2186 iisdem
283 2132 368 2187 rebus
402 2131 520 2200 habiles,
554 2131 594 2187 ite
625 2143 734 2192 naturae
766 2133 932 2190 muneribus

102 2229 135 2278 20
149 2225 251 2297 ornati,
267 2236 298 2282 ut
319 2245 376 2283 non
397 2227 467 2297 nati,
482 2227 531 2283 sed
548 2227 692 2302 abaliquo
713 2228 778 2285 Deo
793 2229 854 2286 ficti
868 2248 932 2286 esse

149 2322 306 2381 rideantur.
348 2321 487 2399 Magnum
508 2324 652 2398 quoddam
679 2334 722 2381 est
747 2334 821 2385 onus
847 2337 931 2400 atque

148 2437 262 2489 munus,
276 2419 421 2493 suscipere
442 2429 526 2494 utque
546 2420 683 2495 profiteri,
703 2439 735 2478 se
754 2440 826 2491 esse,
841 2422 933 2479 omni·

149 2515 202 2571 bus
222 2515 382 2587 silentibus,
401 2534 489 2573 unum
511 2516 642 2573 maximis
662 2516 698 2572 de
718 2519 813 2585 rebus,
828 2538 932 2595 magno

149 2610 177 2667 iu
194 2622 337 2690 conventu
352 2612 508 2683 hominum,
525 2613 707 2671 audiendum.
749 2613 841 2671 Adest
853 2616 931 2673 enim

102 2708 134 2759 25
149 2704 208 2761 sere
228 2722 323 2777 nemo,
344 2705 412 2780 quin
441 2706 555 2763 acutius
582 2716 666 2781 atque
694 2707 789 2765 acrius
811 2708 881 2766 vitia
901 2709 932 2767 in

148 2800 273 2871 dicente,
294 2820 378 2876 quam
399 2813 487 2874 recta,
502 2802 605 2861 videat,
645 2804 700 2875 Ita,
720 2804 857 2880 quidquid
877 2814 931 2876 est,

148 2897 179 2957 in
199 2917 257 2972 quo
276 2899 438 2971 offenditur,
460 2899 489 2957 id
510 2900 596 2957 etiam
620 2900 679 2971 illa,
700 2921 763 2975 que
788 2901 933 2959 laudanda

149 3004 225 3068 sunt,
246 2995 350 3054 obruit.
403 2995 507 3074 Neque
535 2996 598 3055 hec
619 2996 649 3055 in
670 3016 735 3057 eam
761 2996 933 3055 sententiam
