2109 3417
82 249 119 312 10
400 266 444 315 nn
466 266 631 314 omnonn
840 266 909 327 [nn

125 409 168 468 tit
187 410 237 486 qni
256 432 356 489 regere
377 433 411 472 ac
431 414 592 491 gubernare
617 412 824 490 rempublicam
846 432 911 490 pos·

126 518 200 580 sent,
234 509 316 568 multi
348 511 454 582 nostri,
488 511 585 587 plures
616 521 729 587 patrum
761 510 909 583 memorii,

128 613 212 679 atque
245 605 331 663 etiam
365 607 503 683 majorum
537 608 714 679 exstiterunt,
748 625 815 665 cum
841 607 911 665 boni

126 701 227 776 perdiu
249 702 330 774 nulli,
345 702 392 761 vix
406 714 501 761 autem
515 703 635 780 singulis
653 703 784 780 aetatibus
804 703 910 780 singuli
947 758 955 775 ,
1048 778 1050 792 Ι

94 798 291 857 ctolerabiles
309 810 435 858 oratores
455 800 658 858 invenirentur.
712 801 770 871 Ac,
790 800 911 875 nequis

128 894 200 953 forte
215 914 281 953 cum
296 896 359 953 aliis
379 895 490 967 studiis,
505 915 569 970 quae
588 896 746 954 reconditis
760 897 790 954 in
804 897 911 955 artibus

128 1000 211 1066 atque
232 991 262 1047 in
282 990 405 1066 quddam
425 992 561 1048 varietate
587 991 733 1057 literarum
752 1003 910 1064 versentur,

127 1088 219 1164 magis
245 1088 321 1145 hanc
348 1087 464 1144 dicendi
488 1088 639 1159 rationem,
662 1107 748 1163 quam
771 1108 838 1147 cnm
861 1088 913 1146 im·

126 1182 266 1258 peratoris
286 1183 380 1255 laude,
396 1193 444 1241 aut
461 1203 527 1241 curn
543 1184 611 1243 boni
632 1184 771 1242 senatoris
790 1184 913 1259 pruden-

82 1286 112 1337 1⁰
128 1278 169 1336 tit
189 1280 411 1355 comparandam
431 1289 528 1356 putet;
560 1289 708 1338 convertat
728 1281 855 1339 animum
876 1280 912 1338 ad

128 1393 164 1432 ea
184 1374 245 1450 ipsa
261 1375 364 1434 artium
385 1394 501 1453 genera,
522 1375 803 1451 circumspiciam,
817 1376 867 1451 qni
880 1376 912 1433 in

128 1470 164 1529 iis
197 1471 355 1543 floruerint,
383 1490 525 1546 quamque
559 1471 657 1529 multi:
691 1472 734 1529 sic
765 1472 911 1545 facillime,

128 1576 235 1640 quanta
254 1577 398 1626 oratorum
418 1566 464 1639 sit,
479 1584 648 1643 semperque
668 1566 754 1625 fuerit
770 1569 912 1644 paucitas,

125 1659 276 1738 judicabit.

82 1865 113 1916 15
167 1855 221 1915 ΠΙ.
248 1856 353 1932 Neque
379 1856 457 1915 enim
484 1867 513 1915 te
540 1856 622 1935 fugit,
650 1858 752 1916 artium
783 1857 913 1917 omnium

127 1953 307 2011 laudatarum
339 1954 561 2030 procreatricem
595 1954 748 2029 quandam,
775 1965 805 2012 et
831 1954 912 2030 quasi

128 2058 275 2124 parentem
299 2068 373 2120 eam,
388 2069 473 2124 quam
497 2049 662 2118 Φιλοσοφίαν
682 2049 778 2109 Graeci
797 2061 913 2122 vocant,

130 2142 166 2201 ab
186 2143 351 2201 hominibus
371 2145 546 2202 doctissimis
562 2144 702 2220 judicari3
724 2145 825 2221 inqui
842 2146 914 2203 diffi-

129 2240 186 2298 cile
208 2249 252 2297 est
274 2258 451 2311 enumerare,
473 2250 543 2315 quot
565 2240 627 2312 viri,
649 2244 755 2316 quanti
780 2242 913 2313 scientid,

82 2350 114 2401 20
129 2336 292 2412 quantaque
321 2336 351 2394 in
383 2336 442 2393 suis
476 2336 579 2395 studiis
611 2338 747 2396 varietate
773 2347 802 2395 et
828 2338 915 2414 copii.

130 2433 245 2504 luerint,
272 2431 321 2509 qui
348 2452 407 2491 non
435 2434 493 2489 nni
526 2434 621 2508 aliqui
647 2433 677 2493 in
704 2454 735 2492 re
760 2435 913 2509 separatim

129 2528 313 2600 elaborarint,
341 2530 391 2587 sed
423 2530 529 2599 omnia,
566 2549 753 2606 quecumque
784 2541 911 2605 possent,

129 2625 174 2683 vel
188 2624 316 2683 scientie
333 2625 582 2702 pervestigatione,
597 2625 641 2681 vel
655 2626 814 2684 disserendi
827 2628 915 2685 ratio·

130 2741 177 2793 ne,
211 2722 488 2798 comprehenderint.
541 2721 620 2783 Quis
652 2722 775 2798 ignorat,
803 2722 834 2794 ii,
864 2724 912 2798 qui

83 2832 115 2884 25
131 2818 326 2876 mathematici
359 2828 507 2889 vocantur,
536 2818 642 2893 quanti
675 2818 705 2875 in
738 2819 915 2878 obscuritate

130 2932 236 2985 rerum,
256 2923 286 2971 et
305 2931 390 2989 quam
413 2912 563 2971 recondita
582 2912 612 2970 in
634 2922 693 2970 arte
712 2923 742 2970 et
762 2913 915 2990 multiplici

130 3010 295 3087 subtilique,
316 3012 484 3069 versentur!
505 3027 563 3087 quo
583 3019 679 3069 tamen
698 3009 729 3069 in
748 3028 855 3088 genere
873 3009 917 3069 ita
