2109 3417
161 294 202 352 46
480 304 523 353 ou
543 306 705 353 uiuimus.
910 308 949 369 [u.
960 308 991 355 11.

208 450 279 509 illud
299 452 401 525 siculi,
422 454 480 528 oui,
500 473 567 513 cum
588 454 734 513 familiaris
753 456 867 529 quidam
891 474 992 531 quere-

207 559 294 620 retur,
308 550 384 625 quod
405 551 524 622 diceret,
538 570 654 609 uxorem
670 568 750 609 suam
764 552 945 627 suspendisse
959 572 990 609 se

207 646 243 702 de
263 646 329 717 lieu,
351 653 369 680 ‘⁴
381 648 493 703 Amabo
513 649 570 718 te‚'’
587 648 687 722 inquit,
703 647 768 705 “da
788 647 856 705 mihi
878 667 914 705 er
934 648 990 705 istu

207 743 316 813 arbore,
330 762 402 818 quos
414 762 505 800 seram
520 744 677 801 surculos.”
719 744 753 801 Iu
767 744 867 801 eodem
882 762 990 821 genere

174 847 191 895 5
205 847 258 907 est,
273 838 348 912 quod
363 839 482 896 Catulus
496 840 567 897 dixit
581 840 695 900 cuidam
716 840 821 897 oratori
839 840 924 907 malo,
938 839 989 915 qui

205 950 271 989 oum
290 934 320 990 iu
338 934 451 1011 epilogo
470 935 696 993 misericordiam
716 954 747 993 se
767 935 888 993 movisse
903 946 989 1018 puta·

204 1041 257 1099 rat,
271 1041 418 1105 postquam
439 1031 554 1101 assedit,
575 1031 686 1108 rogavit
707 1032 793 1102 huno,
807 1030 990 1088 videreturne·

204 1125 428 1185 misericordiam
442 1128 579 1197 movisse;
602 1134 619 1163 “
630 1127 677 1184 Ao
694 1146 827 1203 magnam
840 1126 988 1202 quidem‚''

203 1220 312 1295 inquit;
334 1222 506 1279 “neminem
525 1223 603 1281 enim
623 1233 693 1299 putu
713 1240 775 1281 essa
794 1232 851 1279 tam
872 1221 988 1296 durum,

157 1326 188 1376 lo
204 1317 252 1375 oui
272 1336 330 1374 non
350 1318 442 1376 oratio
462 1330 511 1377 tua
532 1320 693 1377 miseranda
712 1319 772 1377 visa
791 1319 854 1376 sit.''

202 1423 206 1431 ’
243 1413 293 1471 Me
306 1414 432 1489 quidam,
447 1416 573 1488 hercule,
587 1415 668 1473 valde
689 1415 737 1473 illa
755 1425 869 1473 movent
883 1425 988 1473 stoma·

203 1510 301 1580 choas,
314 1521 344 1568 et
363 1512 443 1587 quusi
462 1512 630 1569 submorosa
650 1510 781 1581 ridicula,
803 1528 868 1567 oum
889 1530 948 1569 nou
970 1531 988 1569 a

201 1623 317 1663 moroso
334 1605 484 1663 dicuutur:
505 1614 565 1663 tum
580 1606 656 1663 enirn
670 1624 728 1663 nou
743 1605 794 1676 sal,
808 1606 857 1662 sed
872 1615 986 1678 natura,

202 1702 318 1760 ridetur.
371 1702 405 1758 Iu
432 1720 499 1776 quo,
527 1712 559 1759 ut
585 1702 655 1767 mihi
682 1702 802 1774 videtur,
827 1701 987 1777 persalsum

155 1806 187 1859 15
202 1797 272 1855 illud
286 1808 330 1855 est
343 1796 417 1874 apud
431 1797 572 1857 Naevium.

477 1954 570 2013 “Quid
581 1954 670 2018 ploras,
681 1958 767 2019 puter?

323 2034 418 2083 Mirum
429 2034 455 2083 ni
465 2042 578 2083 tantam:
595 2035 775 2085 condemnatus
786 2036 868 2085 sum.”

201 2181 280 2238 Huio
300 2181 399 2258 generi
420 2181 500 2256 quasi
518 2182 694 2241 contrarium
708 2192 751 2240 est
762 2182 877 2241 ridiculi
891 2201 984 2261 genus

198 2278 332 2353 patieutis
344 2296 379 2335 au
388 2278 472 2349 lenti3
484 2287 525 2349 ut,
535 2296 600 2337 oum
611 2278 686 2335 Cato
696 2294 848 2353 percussus
859 2291 936 2337 esset
948 2282 983 2337 ub
1041 2282 1042 2306 ¹

151 2383 184 2433 20
198 2392 243 2443 eo,
258 2373 307 2447 qui
322 2392 416 2431 arcam
431 2374 548 2444 serebat,
560 2391 626 2432 oum
642 2374 690 2431 ille
703 2374 821 2445 diceret,
832 2381 850 2407 “
861 2375 939 2432 Cave
949 2377 981 2445 ;''

198 2470 317 2546 rogavit,
331 2477 350 2503 “
360 2470 498 2545 numquid
513 2470 589 2527 aliud
604 2470 689 2528 ferret
702 2481 803 2545 prater
817 2473 957 2528 aruaml”

238 2566 332 2624 suam
346 2565 472 2624 uuuuae
491 2566 565 2623 susa
585 2550 776 2642 reprensum,
791 2576 823 2623 ut
836 2566 883 2623 tue
898 2566 981 2623 stou-

198 2662 251 2733 lus,
272 2661 321 2719 oui
343 2672 445 2738 praetor
471 2662 571 2738 Scipio
596 2673 746 2738 patronum
774 2680 867 2719 oausae
895 2661 981 2719 dabat

198 2758 339 2834 hospitem
352 2777 444 2830 suum,
456 2758 602 2816 hominem
615 2758 750 2829 nobilem,
761 2758 812 2814 sed
826 2758 980 2817 admodum

149 2868 182 2919 25
197 2855 330 2913 stultum:
352 2855 518 2927 “Quaem’'
537 2855 638 2929 inquit,
657 2861 797 2930 “prator,
819 2854 981 2911 adversario

197 2969 261 3009 meo
281 2950 319 3009 da
334 2952 419 3009 istum
438 2961 600 3028 patronum,
621 2950 724 3009 deinde
744 2951 814 3010 mihi
834 2950 980 3009 nemiuem

196 3047 336 3107 dederis''
