2109 3417
106 292 148 353 m
430 302 474 351 oe
494 301 659 349 oasuoim.
856 301 900 361 [u
911 302 945 353 m

149 449 224 509 siam
244 448 402 526 imaginum
422 451 560 526 pondere,
574 459 604 509 et
623 448 772 509 obscurari
791 448 879 509 etiam
899 448 942 523 id,

146 545 229 620 quod
242 562 293 621 per
306 564 338 603 se
351 557 454 605 natura
467 556 566 605 tenere
585 546 733 622 potuisset
774 546 843 604 Vidi
862 546 943 605 enim

151 660 208 718 ogo
223 660 351 699 summos
369 643 509 714 homiues,
523 652 553 701 ot
565 642 663 701 divind
682 660 770 719 prope
790 642 942 715 memoris,

152 737 278 795 Athenis
310 738 512 811 Charmadam,
542 739 573 797 iu
606 739 679 798 Asia
713 739 813 817 (quem
846 739 943 801 viuere

121 834 238 899 suadae
267 834 362 915 siunt)
396 835 552 911 Scepsium·
582 834 791 907 Metrodorum,
818 854 942 911 quorum

153 940 283 1006 uterque,
303 941 441 1005 tauquam
467 931 559 989 literis
581 930 611 989 iu
632 931 710 1003 oerd,
731 930 824 989 sicae
845 931 942 989 siebat

146 1026 326 1103 ‚imaginibus
357 1026 387 1085 in
418 1027 455 1084 iis
488 1026 572 1097 loeis,
602 1046 674 1102 quos
709 1026 836 1099 haberet,
876 1046 942 1102 qum

151 1121 319 1179 meminisse
339 1120 433 1194 vellat,
453 1122 641 1204 perscribens,
684 1122 785 1184 Quare
811 1121 868 1180 hae
892 1140 943 1179 ex-

152 1218 322 1294 ercitatione
353 1236 414 1275 uon
440 1220 568 1276 eruenda
601 1218 740 1277 momoria
765 1228 818 1289 est,
845 1218 870 1275 si
896 1228 943 1277 est
1041 1264 1042 1271 ,

107 1314 412 1385 unanimorum
446 1314 498 1373 sed
533 1326 621 1386 ωηο,
648 1314 673 1373 si
705 1314 785 1387 latet,
819 1332 942 1373 evoouu·

145 1411 190 1469 da
206 1421 260 1471 esi.

191 1507 315 1567 Habetis
350 1525 513 1573 sermonem
548 1508 622 1577 bene
653 1506 772 1584 longum
806 1506 941 1579 hominis,

146 1605 264 1665 utinam
277 1624 334 1663 uon
347 1604 537 1681 impudentis3
559 1602 630 1661 illud
648 1603 763 1678 quidem
777 1613 867 1674 oetas,
880 1621 942 1662 uon

152 1702 240 1761 nimis
265 1700 438 1770 aereouudi3
463 1700 513 1776 qui
538 1699 664 1775 quidem,
684 1709 744 1757 tum
765 1709 804 1771 te,
825 1698 941 1774 Gaude,

107 1812 141 1863 15
152 1809 213 1857 tum
227 1797 314 1856 etium
328 1797 362 1855 L.
377 1796 482 1855 Crasso
502 1796 646 1867 audiente,
661 1795 697 1853 de
717 1794 834 1853 dicendi
854 1795 943 1855 maio·

152 1914 191 1953 ne
202 1903 262 1951 tam
275 1893 365 1951 multa
378 1892 514 1963 dixerim
536 1910 603 1949 uam
617 1892 736 1949 istorum
757 1901 825 1949 otas
844 1891 943 1949 miuus

152 2009 199 2049 me
219 1990 339 2047 sortasse
358 2008 473 2047 movere
492 1988 601 2048 debuit.
642 1987 700 2045 Sed
721 1987 791 2047 mihi
810 1988 943 2065 ignosce·

151 2085 191 2144 tis
209 2084 349 2162 proiecto,
369 2085 395 2141 si
414 2085 510 2157 modo,
531 2104 604 2159 que·
622 2103 709 2143 oausa
734 2102 780 2142 me
808 2084 843 2142 ud
863 2083 942 2143 haue

152 2181 297 2241 insolitam
322 2180 394 2241 mihi
416 2181 620 2258 loquacitatem
643 2181 797 2257 impulerit,
821 2198 942 2257 auoepe·

107 2278 224 2339 mritis

1039 2420 1040 2448 i

191 2470 365 2529 LXXXIX.
396 2470 461 2529 Nos
474 2489 552 2543 aero,
567 2470 659 2547 inquit
672 2470 803 2544 Catulus,
818 2470 940 2548 (etenim

145 2585 206 2645 -pro
225 2587 272 2625 me
291 2568 358 2641 hoo,
372 2577 402 2625 et
418 2585 471 2643 pro
491 2586 557 2625 meo
575 2567 673 2638 fratre,
693 2567 866 2647 respondeo)
879 2586 940 2625 uon

148 2665 241 2723 »modo
254 2664 306 2723 tibi
320 2664 507 2742 iguasoimus,
518 2663 569 2721 sed
583 2673 612 2721 te
624 2662 780 2741 diligimus,
795 2681 941 2741 maguam·
1038 2694 1039 2697 ¹

152 2781 210 2839 que
223 2761 275 2821 tibi
290 2762 429 2819 babemus
443 2760 582 2837 graiium
603 2768 633 2817 et
646 2778 712 2819 uum
731 2759 940 2819 humanitatem

100 2867 185 2921 ὕει
196 2858 363 2918 faoilitatem
384 2857 567 2934 agnoscimus
587 2866 676 2929 tuam,
689 2866 750 2915 tum
767 2856 941 2915 admiramur

153 2951 238 3015 isium
257 2951 407 3011 seientiam
421 2962 451 3011 et
464 2952 587 3029 copiam.
627 2951 769 3028 Equidem
783 2951 869 3011 etiam
883 2951 942 3011 hoe

144 3068 202 3111 ‚me
222 3056 387 3108 assaoutum
408 3057 488 3126 puto,
513 3046 589 3124 quod
605 3066 718 3127 magno
730 3061 806 3108 sum
829 3046 942 3107 levauu
