2109 3417
114 294 173 359 leit
433 310 477 357 os
498 308 663 357 ooaroun.
806 310 807 315 ¹
850 310 948 371 nm

159 478 242 517 senes
261 460 386 532 diseunt,
405 460 596 536 pertimescat.
637 458 772 535 Namque
792 470 840 519 aut
861 478 947 518 senes

161 556 259 614 adeas
280 567 478 627 secesserunt3
500 567 549 614 aut
568 574 658 630 usque
673 557 708 613 ad
723 566 902 615 senectutem
917 558 948 615 in

160 653 263 711 studiis
288 654 467 723 detinentur3
501 663 551 711 aut
577 662 645 709 suut
668 652 832 710 tardissimi.
884 654 951 711 Res

161 749 277 825 quidem
302 768 343 821 se,
365 750 431 806 mei
455 749 607 819 sententis,
634 749 678 807 sio
704 750 798 820 habet,
826 760 868 822 ut,
891 750 950 807 nisi

130 844 236 920 oquod
262 846 383 920 quisque
408 846 468 903 eito
493 845 628 921 potuerit,
655 864 801 921 nunquam
828 847 953 905 omnino

160 941 249 1017 possit
260 942 432 1017 perdiscere,

201 1133 315 1211 XXIV,
346 1133 422 1204 Jam,
440 1134 509 1211 jam,
534 1134 626 1210 inquit
652 1133 783 1205 Catulus,
804 1134 948 1212 intelligo,

163 1230 277 1300 Crasse,
291 1230 359 1305 quid
373 1230 469 1300 dioas3
491 1240 529 1300 st,
541 1231 667 1301 herouls,
680 1230 827 1287 assentior.
870 1232 952 1288 Satis

162 1326 247 1383 video
259 1327 322 1398 tibi,
337 1327 446 1385 lrornini
461 1327 497 1383 ad
509 1326 729 1402 perdiscendum
744 1327 898 1399 acerrimo,
914 1328 950 1385 sd

117 1420 148 1471 1⁰
163 1440 199 1480 ea
211 1424 422 1500 cognoscendo,
436 1439 499 1497 quae
513 1422 598 1494 dieis,
613 1422 699 1479 fuisse
712 1423 856 1498 temporis.

203 1519 349 1597 Pergisne,
365 1519 459 1593 iuquit
477 1519 608 1589 Crassus,
630 1536 685 1589 me,
706 1538 769 1593 quae
789 1517 898 1591 dicam,
914 1520 952 1577 de

163 1631 221 1685 me,
246 1633 306 1672 non
332 1614 368 1671 de
395 1632 435 1683 re,
459 1622 561 1687 putere
587 1612 703 1669 dioerel
744 1612 802 1669 sed
825 1612 899 1687 jam,
927 1615 953 1671 si

163 1710 267 1787 planet,
282 1710 317 1767 ad
329 1710 461 1768 instituta
479 1708 637 1765 redeamus.
678 1708 753 1765 Mihi
768 1726 847 1779 vero,
861 1708 956 1767 Catu-

162 1804 208 1861 lus
222 1804 323 1877 inquit,
337 1803 440 1878 pluoet.
463 1811 465 1818 '
883 1797 886 1803 ’

118 1901 149 1950 Ιῡ
202 1896 279 1955 Tum
299 1897 429 1967 Crassus,
450 1896 599 1975 Quorsum
625 1896 710 1973 igitur
737 1896 800 1953 haeo
825 1908 951 1973 spectat,

163 1993 266 2067 inquit,
286 2003 344 2050 tum
363 1993 451 2069 longa
470 2003 499 2049 et
520 2003 579 2051 tam
606 1993 661 2049 alte
688 1989 809 2067 repetita
834 1994 951 2052 oratiol

164 2088 219 2149 Hs
233 2089 296 2146 duae
309 2100 413 2163 partes,
427 2109 490 2163 quae
506 2089 577 2148 mihi
597 2099 757 2163 supersunt,
773 2089 954 2149 illustrandae

164 2185 311 2256 metionis,
326 2204 360 2243 ao
374 2186 464 2243 totius
483 2185 653 2264 eloquentiis
675 2185 866 2257 oumulsndae,
881 2206 953 2261 qus·

164 2300 228 2339 rum
242 2282 331 2339 alters
343 2281 402 2338 diei
415 2282 541 2357 postulat
554 2291 662 2352 ornate,
678 2281 767 2337 altera
783 2291 858 2356 apte,
873 2282 953 2341 hano

117 2381 149 2431 2⁰
164 2378 271 2436 habent
283 2378 349 2449 rim,
365 2388 396 2435 ut
409 2379 446 2435 sit
466 2396 549 2452 quam
571 2377 693 2434 maxime
710 2377 848 2452 jusunda,
862 2397 952 2454 quam

164 2474 287 2533 maxime
308 2474 337 2531 in
358 2493 460 2531 sensus
479 2492 588 2544 eorum,
611 2473 659 2547 qui
687 2473 815 2547 audiunt,
837 2473 951 2546 influat,

164 2570 197 2629 et'
207 2570 421 2646 quamplurimis
434 2571 470 2628 sit
484 2571 570 2627 rebus
584 2570 731 2629 instructa.
772 2568 954 2627 iustrumen-

164 2678 224 2727 tum
239 2678 333 2726 sutem
348 2668 404 2724 hoo
417 2667 539 2737 forense,
553 2666 719 2743 litigiosum,
734 2682 810 2735 aare,
824 2674 952 2725 tractum

164 2783 201 2822 ex
212 2763 288 2843 vulgi
303 2763 494 2841 opinionibus,
509 2762 644 2838 exiguum
658 2780 727 2819 sane
742 2771 826 2836 etque
839 2764 952 2820 mendi·

118 2872 151 2923 25
165 2880 230 2919 oum
250 2870 301 2918 est.
342 2860 417 2919 Illud
436 2878 535 2918 rursus
555 2860 657 2933 ipsum,
671 2858 747 2933 quod
760 2857 880 2921 tradunt
890 2859 950 2932 isti,

165 2957 215 3034 qui
226 2956 394 3034 profitentur
405 2975 438 3013 ss
450 2955 566 3013 dioendi
575 2954 740 3033 magistros,
754 2972 812 3013 non
826 2956 951 3014 multum

164 3064 212 3114 nt
227 3054 327 3132 mrim,
342 3070 429 3129 qoam
446 3051 517 3111 illud
537 3051 654 3130 vulgus
672 3070 708 3111 ao
727 3050 846 3110 forense.
888 3052 954 3131 sp·
