2109 3417
105 298 149 361 84
427 310 472 359 nn
494 310 660 361 eunoun
845 310 948 371 [arn.

151 457 199 517 Ibi
212 476 279 518 oum
292 458 405 518 Drusus
417 459 508 518 multa
520 459 557 517 de
571 458 704 536 Phiiippo
722 469 841 535 questus
854 470 943 541 esset,

152 554 249 613 retulit
269 555 304 613 ad
325 565 456 617 senatum
476 556 513 613 de
534 556 583 619 illo
603 555 675 632 ipso,
689 557 766 631 quod
786 556 889 614 consul
912 556 944 615 in

152 668 219 709 eum
245 652 375 711 ordinem
402 662 462 711 tam
487 652 612 730 graviter
638 652 669 711 in
695 652 838 711 concione
864 663 944 711 esset

152 746 290 807 innectus.
341 748 410 823 Hic,
430 758 463 807 ut
481 767 557 826 saepe
583 748 658 807 inter
678 749 810 807 homines
828 750 945 827 sapien·

122 844 277 902 ctissimos
302 856 434 903 constare
460 845 529 917 ridi,
550 864 713 922 quanquam
739 846 796 905 hoc
822 846 943 919 Crasso,

152 959 220 999 cum
247 941 355 1017 aliquid
386 941 549 1001 accuratius
581 942 708 1014 dixisset,
735 960 846 1018 semper
880 942 944 1002 fere

152 1037 331 1115 contigisset,
343 1048 374 1095 ut
387 1056 533 1114 nunqnam
547 1038 653 1097 dixisse
667 1038 769 1097 melius
782 1048 943 1114 putaretur,

152 1142 249 1190 tamen
267 1133 395 1191 omnium
416 1151 559 1191 consensa
573 1133 617 1191 sic
630 1152 693 1191 esse
706 1143 766 1190 tum
779 1133 943 1209 judicatum

154 1228 259 1301 audivi,
288 1238 401 1287 ceteros
427 1248 445 1287 a
470 1229 577 1287 Crasso
607 1238 720 1307 semper
752 1246 862 1301 omnes,
889 1228 943 1288 itto

108 1340 140 1391 ιο
154 1335 249 1384 autem
269 1324 316 1382 die
335 1325 422 1383 etiam
442 1325 535 1402 ipsum
557 1345 573 1383 a
592 1344 655 1397 sese
669 1334 840 1403 superatum.
882 1324 944 1383 De·

152 1422 274 1498 ploravit
292 1421 370 1479 enim
390 1440 489 1480 casum
516 1433 601 1499 atque
627 1422 778 1479 orbitatem
805 1421 941 1481 senarias:

154 1518 237 1596 cnjus
255 1519 365 1577 ordinis
379 1538 396 1577 a
409 1519 538 1591 consule,
553 1518 602 1594 qui
623 1520 703 1595 qnasi
722 1538 826 1595 parens
845 1519 943 1577 bonus

154 1626 203 1675 ant
214 1626 292 1674 tutor
307 1614 401 1674 fidelis
419 1634 483 1673 esse
502 1615 630 1689 deberet,
644 1626 778 1696 tanquam
794 1616 830 1673 ab
843 1616 943 1691 aliquo

152 1713 264 1773 nefario
282 1713 428 1791 predone,
442 1712 612 1789 diriperetur
632 1711 833 1788 patrimonium
846 1712 945 1789 digni·
1040 1762 1041 1797 3

108 1824 139 1875 15
152 1811 236 1875 tatia:
261 1826 354 1886 neque
373 1828 442 1867 vero
460 1825 525 1866 esse
545 1807 715 1881 mirandum,
736 1808 771 1880 si,
791 1826 857 1867 curn
879 1808 944 1868 suis

152 1906 283 1965 consiliis
318 1905 526 1981 rempublicam
561 1904 750 1982 profligasset,
787 1905 942 1963 consilium

153 2001 270 2061 acautis
283 2020 301 2059 a
312 2001 461 2078 republicb
480 2002 651 2078 repudiaret.
692 2000 752 2060 Hic
768 2020 834 2059 cnm
849 2002 943 2059 homi·

153 2100 184 2159 ui
197 2109 227 2156 et
239 2098 400 2157 vehementi
421 2108 450 2157 et
469 2098 587 2170 diserto,
601 2108 630 2155 et
647 2097 676 2157 in
695 2098 795 2173 primis
815 2098 882 2156 forti
903 2098 941 2157 ad

153 2193 353 2267 resistendum,
372 2194 514 2272 Philippo,
529 2193 610 2270 quasi
631 2195 767 2270 quasdam
787 2196 941 2253 verborum

107 2306 140 2357 ω
154 2292 233 2349 faces
265 2290 446 2363 admovisset,
478 2308 538 2349 non
571 2290 637 2349 tulit
670 2290 727 2361 ille,
753 2300 783 2349 et
815 2290 941 2369 graviter

153 2387 268 2459 exarsit,
287 2386 513 2465 pignoribusque
533 2386 634 2445 ablatis
656 2386 791 2445 Crassum
816 2387 941 2445 instituit

154 2486 300 2543 coercere.
339 2483 411 2545 Quo
433 2482 549 2558 quidem
576 2482 638 2559 ipso
665 2483 694 2541 in
721 2483 787 2540 loco
813 2483 941 2542 multra

154 2581 261 2639 Crasso
286 2580 425 2639 divinitus
449 2580 528 2638 dicta
558 2580 756 2652 efferebantur,
784 2600 850 2639 cum
883 2580 940 2639 sibi

155 2678 236 2736 iliam
262 2677 411 2736 consulem
437 2694 501 2736 esse
519 2685 647 2754 negaret,
668 2676 716 2735 oui
736 2688 851 2735 senator
877 2676 941 2753 ipse

106 2783 140 2833 25
153 2793 211 2835 non
231 2784 314 2833 esset
355 2774 432 2832 “An
451 2783 493 2845 tn,
515 2792 582 2831 cum
602 2792 716 2832 omnem
741 2774 941 2833 auctoritatem

153 2869 277 2931 universi
296 2870 406 2929 ordinis
424 2872 478 2945 pr'o
496 2870 618 2947 pignore
637 2869 756 2945 putaris,
770 2886 891 2947 eamque
909 2866 941 2929 in

154 2979 311 3046 conspectu
336 2965 435 3042 populi
461 2965 590 3023 Romani
618 2966 796 3038 concideris3
827 2984 874 3026 me
895 2966 942 3025 bis

152 3065 322 3145 pignoribus
339 3061 487 3121 existimas
505 3072 591 3140 posse
609 3064 730 3125 terreri?
748 3079 808 3123 non
824 3062 876 3123 tibi
891 3064 943 3124 illa
