2109 3417
96 342 196 403 nm}
378 344 422 391 un
442 344 606 392 ORA't'quE.
867 336 929 396 m

96 490 145 549 nis
158 499 253 549 eutem
267 499 326 549 tres
344 492 432 564 modi,
446 491 622 569 conjectura,
636 490 774 562 definitio,
789 500 818 548 st
832 490 881 568 (ut

97 585 141 645 its
166 586 275 666 dicam)
302 587 476 646 consecutio.
515 587 603 659 Nom,
627 587 695 661 quid
721 587 751 644 in
777 606 807 644 re
831 588 878 659 sit,

96 683 266 759 conjecturo
286 684 429 759 qoaeritur,
450 684 580 755 utillud,
602 684 683 741 Sitne
703 683 733 740 in
753 683 878 741 humano

97 796 205 855 genero
230 779 388 855 sapientiai
426 779 526 841 Quam
553 789 647 837 autem
673 778 729 837 vim
759 797 878 855 qunque

98 893 145 932 res
164 874 278 946 hubent,
297 874 425 933 definitio
451 876 589 951 explicat;
617 885 658 947 ut,
679 875 703 933 si
727 886 877 951 quaerotur,
891 887 915 935 5.

95 970 180 1031 Quid
205 970 243 1028 sit
264 972 426 1046 sapientiai
465 972 641 1029 Consecutio
662 982 755 1029 nutem
775 982 877 1030 tracta·
911 1034 914 1039 ,

95 1076 153 1139 tur,
173 1086 250 1138 cum,
270 1068 339 1142 quid
359 1086 500 1143 quamque
519 1086 579 1124 rem
600 1078 742 1142 sequatur,
762 1068 878 1142 inquiri-

94 1172 159 1232 tur;
180 1175 212 1220 ut
226 1162 306 1235 illud,
320 1164 403 1220 Sitne
424 1163 576 1238 aliquando
597 1163 709 1227 mentiri
724 1165 791 1237 boui
804 1163 877 1221 virit

135 1258 274 1316 Redeunt
299 1278 397 1318 rursus
423 1260 458 1316 sd
485 1259 688 1334 conjecturam,
708 1278 828 1335 eamque
847 1261 877 1317 in

95 1364 215 1431 quatuor
235 1372 341 1432 genera
361 1354 545 1429 dispertiunt:
573 1374 638 1411 nam
660 1365 717 1425 sut,
737 1356 804 1431 quid
831 1356 877 1427 sit,
892 1366 928 1417 1o

95 1451 240 1525 quaeritur,
268 1449 324 1507 hoc
350 1450 452 1507 modo:
485 1449 634 1507 Naturine
667 1450 705 1507 sit
731 1451 778 1526 jus
805 1450 878 1509 inter

96 1546 236 1618 homines,
264 1538 300 1604 c'n
326 1546 528 1623 opinionibus?
563 1555 620 1616 aut,
646 1564 709 1621 quae
736 1546 771 1603 sit
797 1547 884 1622 origo

98 1641 235 1718 cujusque
254 1642 316 1700 reii
342 1652 384 1714 ut,
404 1642 494 1705 Quod
513 1641 551 1699 sit
571 1641 684 1698 initium
703 1641 809 1717 legum,
830 1652 881 1701 sut

96 1739 409 1815 rerumpublicarum?
436 1749 484 1795 aut
510 1757 607 1809 causa,
628 1748 658 1795 et
676 1737 765 1807 rati03
792 1745 832 1809 ut,
853 1736 878 1795 si

97 1843 250 1909 quaeratur,
274 1834 334 1893 Cur
357 1834 513 1893 doctissimi
538 1833 668 1891 homines
691 1833 727 1889 de
748 1832 928 1890 maximislo

97 1930 183 1987 rebus
208 1929 396 1988 dissentienti
423 1940 473 1987 out
491 1929 528 1987 de
551 1929 763 1988 immutatione:
791 1938 832 2000 ut,
853 1927 883 1987 si.

96 2027 267 2103 disputetur,
286 2026 365 2085 Num
388 2026 505 2084 interire
524 2025 612 2083 virtus
632 2025 662 2085 iu
679 2020 808 2095 homine,
830 2034 881 2085 aut

96 2142 166 2182 num
181 2123 211 2181 in
224 2123 322 2182 vitium
335 2122 425 2198 possit
438 2121 586 2181 convertit

136 2219 319 2278 Definitionis
340 2228 435 2275 autem
467 2228 534 2280 sunt
559 2217 790 2295 disceptationes,
818 2228 876 2291 sut,

98 2332 164 2373 cum
190 2315 334 2390 queritur,
360 2314 430 2390 quid
456 2314 487 2371 in
510 2313 654 2371 communi
678 2324 773 2372 mento
797 2315 877 2389 qussi
891 2322 924 2373 2⁰

99 2410 265 2485 impressum
288 2411 327 2468 sit
334 2430 342 2480 ;
372 2421 414 2483 ut,
438 2410 462 2467 si
485 2409 649 2481 disseratur,
670 2409 741 2467 Idne
765 2410 801 2469 sit
821 2411 878 2488 just,

99 2505 176 2580 quod
200 2505 330 2562 msximae
355 2505 428 2581 parti
454 2505 492 2561 sit
511 2503 597 2561 utile:
629 2515 686 2577 aut,
711 2523 787 2578 oum,
811 2508 881 2583 quid

99 2600 237 2677 cujusque
261 2600 299 2657 sit
324 2600 479 2675 proprium,
502 2600 673 2675 exquiritur:
704 2612 745 2673 ut,
769 2601 880 2660 Ornate

100 2697 206 2768 dicore,
231 2696 415 2772 propriumne
447 2696 484 2753 sit
516 2698 646 2767 oratoris,
673 2716 709 2755 sn
736 2697 764 2754 id
791 2698 878 2757 etiam

99 2792 201 2867 uliquis
218 2801 356 2867 proteres
374 2791 482 2867 possiti
505 2801 563 2864 sut,
584 2810 650 2851 cum
671 2812 716 2851 res
736 2793 922 2852 distribui-25

98 2900 143 2948 tur
163 2888 194 2946 in
212 2898 322 2964 partes3
344 2898 385 2960 ut,
400 2887 425 2945 si
437 2898 588 2963 quaerstun
602 2890 685 2952 Quot
702 2889 759 2947 sint
773 2909 880 2967 genera

97 3004 191 3045 rerum
211 2984 441 3060 expetendorum,
464 2994 521 3057 out,
542 2984 636 3042 sintne
656 2984 720 3057 tria,
741 2984 879 3060 corporis,

100 3080 195 3154 suuni,
221 3090 458 3158 externarumque
484 3082 598 3140 retunsi
626 3091 685 3155 sut,
712 3099 789 3153 cum,
815 3098 881 3157 ques
