2109 3417
118 285 190 344 aa]
402 285 446 332 un
467 285 631 332 onauonu.
912 273 952 334 43

121 431 221 508 Lyceo
241 443 322 492 tuum
341 434 399 491 hoc
418 435 615 492 suburbanum
635 433 815 512 gymnasium
830 444 908 492 aute·

121 547 235 604 ponam.

160 723 260 780 XXII.
282 723 361 781 Tum
382 724 440 795 ille,
454 723 547 782 Immo
567 743 644 795 uero,
662 724 763 798 inquit,
784 723 905 800 Sulpici,

120 837 255 895 rogemus
275 820 446 890 Antonium,
460 821 551 895 quiet
565 831 657 896 potest
678 821 773 878 facere
787 821 816 877 id
830 820 905 895 quod

119 915 249 990 requiris,
264 926 294 973 et
314 917 473 987 consucvit,
488 927 519 973 ut
533 925 561 972 te
578 916 663 974 audio
681 916 787 974 dicere.
828 915 857 972 N
861 919 934 974 am5

118 1029 166 1068 me
192 1012 308 1085 quidem
336 1012 424 1069 fateor
451 1031 562 1088 semper
591 1032 607 1070 a
632 1031 738 1089 genere
765 1013 821 1070 hoc
846 1023 906 1070 toto

118 1108 259 1165 sermonis
272 1108 421 1184 refugisse,
436 1120 465 1165 et
477 1109 530 1166 tibi
545 1109 672 1185 cupienti
688 1121 771 1184 atque
788 1109 905 1176 instanti

118 1203 277 1278 saepissime
302 1205 433 1282 negdsse,
454 1216 485 1262 ut
504 1216 566 1262 tute
593 1206 678 1281 paulo
706 1215 771 1262 ante
799 1205 902 1262 dixisti.

117 1299 209 1360 Quod
235 1319 290 1376 ego
316 1321 372 1358 non
404 1302 537 1377 superbiai
570 1321 662 1376 neque
696 1301 904 1360 inhumanitate

120 1395 270 1468 faciebam,
285 1416 378 1472 neque
392 1415 448 1471 quo
462 1409 512 1454 tuo
527 1399 622 1456 studio
642 1398 803 1455 rectissimo
820 1407 903 1473 atque
919 1404 949 1452 1⁰

118 1493 227 1568 optimo
246 1512 305 1550 non
333 1493 459 1569 obsequi«
475 1494 589 1565 vellem,
609 1494 766 1569 praesertirn
788 1513 852 1550 cum
874 1504 903 1551 te

118 1607 208 1646 unum
222 1608 258 1646 ex
271 1590 406 1646 omuibus
420 1590 455 1647 ad
475 1590 630 1648 dicendum
650 1590 773 1646 maxime
794 1600 901 1662 natum,

119 1694 274 1759 aptumque
315 1684 496 1760 cognbssem,
531 1686 581 1741 sed
621 1685 786 1742 mehercule
822 1685 904 1742 istius

119 1779 321 1854 disputationis
354 1781 517 1849 insolentid,
550 1791 634 1854 atque
668 1797 766 1836 earum
798 1797 903 1851 rerum,

119 1892 184 1950 quar
210 1876 292 1950 quusi
318 1875 349 1932 iu
377 1887 436 1933 arte
462 1876 623 1945 traduntur,
652 1875 775 1932 inscitid.
826 1875 951 1932 Tum15

119 1972 215 2043 Cotta,
242 1971 392 2033 Quoniam
419 1971 459 2041 id,
486 1971 564 2046 quod
591 1971 790 2028 difficillimum
822 1972 905 2030 nobis

118 2069 278 2139 videbatur,
308 2078 341 2124 ut
373 2068 491 2126 omuino
522 2068 559 2125 de
590 2067 634 2124 his
664 2067 758 2134 rebus,
775 2067 902 2140 Crasse,

117 2166 274 2241 loquerere,
296 2163 420 2222 assecuti
440 2183 553 2234 sumus;
578 2165 615 2220 de
636 2163 745 2238 reliquo
761 2164 819 2240 jam
840 2185 903 2222 nos-

116 2271 163 2319 tra
188 2262 274 2337 culpa
301 2261 396 2334 fucrit,
423 2261 447 2317 si
474 2276 511 2332 tc,
539 2261 595 2318 nisi
622 2261 728 2331 omnia,
752 2279 815 2335 quus
841 2281 903 2336 per·

118 2357 226 2416 coutati
240 2356 532 2432 erimus-explicitis,
546 2357 746 2418 dimiserimus.
788 2357 833 2414 De
847 2358 901 2428 his,
916 2363 948 2412 20

120 2453 215 2522 credo,
236 2453 331 2523 rebus,
352 2452 444 2527 inquit
470 2453 599 2522 Crassus,
621 2461 652 2508 ut
673 2453 702 2510 in
727 2454 903 2512 cretionibus

119 2547 208 2604 scribi
227 2549 309 2618 solet,
324 2548 468 2609 “Quibus
484 2549 583 2620 sciam,
598 2551 781 2624 poteroque.’'
823 2549 902 2612 Tum

119 2643 179 2713 ille,
202 2642 334 2718 Namque
353 2645 430 2718 quod
449 2655 481 2701 tu
500 2665 557 2702 non
578 2645 695 2720 poteris,
711 2655 759 2702 aut
779 2646 900 2716 nescies,

117 2738 183 2814 quis
203 2740 331 2796 nostrum
351 2750 409 2796 tam
425 2740 575 2815 impudens
588 2750 642 2811 cst,
657 2740 706 2814 qui
720 2757 751 2796 se
764 2740 839 2798 scire
852 2752 902 2798 cut

115 2853 203 2912 posse
216 2836 359 2910 postulet?
916 2839 948 2889 25

156 2930 223 2988 Jum
248 2950 325 3002 reru,
349 2931 404 2990 isca
427 2932 604 3002 conditione,
628 2932 696 2990 dum
719 2931 790 2988 mihi
816 2931 903 2986 liceat

115 3045 223 3107 negare
242 3047 327 3108 posse
347 3028 424 3105 quod
440 3047 500 3088 nou
520 3037 632 3106 potero,
646 3037 675 3088 et
688 3026 771 3098 lateri
789 3021 902 3083 nescire
