2109 3417
109 314 151 373 as
430 320 475 367 ua
495 318 659 367 onerosa
859 322 941 381 [nn.

156 470 301 545 quomodo
320 468 404 527 simul
424 469 523 540 latera,
538 488 581 540 os,
596 486 692 541 renas,
705 459 824 541 uultum,
839 469 941 527 oculos

156 576 289 642 occupet,
316 566 418 623 viderit
445 566 645 623 Democritus:
679 560 772 640 neque
799 566 876 622 euim
905 567 940 623 ad

156 659 235 719 hunc
254 680 414 720 sermonem
434 661 489 719 hoc
509 662 647 738 pertinet3
671 671 709 732 et,
731 662 754 718 si
774 661 939 737 pertineret,
1039 733 1042 747 ι

157 759 268 816 nescire
288 777 334 815 me
354 768 449 815 tamen
470 758 498 815 id
512 767 578 814 'non
599 758 727 834 puderet,
743 757 819 832 quod
833 776 869 814 ne
885 758 939 832 ipsi

124 854 270 931 5quidem
298 855 338 912 illi
365 856 481 926 scirent,
509 854 557 929 qui
584 854 795 929 pollicerentur.
842 853 940 911 Locus

157 962 261 1021 autem,
276 960 305 1007 et
325 951 405 1027 regio
424 951 504 1026 quasi
524 949 640 1007 ridiculi
659 949 738 1027 (nam
760 949 789 1007 id
809 950 939 1026 proxime

154 1048 303 1125 quaritur)
334 1047 509 1122 turpitudine
542 1058 572 1103 et
605 1046 783 1103 deformitate
815 1046 940 1121 quddam

116 1184 119 1191 -
155 1144 333 1201 continetur:
367 1144 430 1199 lraec
460 1143 537 1199 enim
571 1143 699 1200 ridentur
726 1142 769 1199 vel
796 1140 866 1213 sola,
893 1142 937 1199 vel

156 1239 288 1311 maxime,
308 1257 370 1314 quae
390 1249 491 1296 notant
511 1248 541 1296 et
561 1239 712 1315 designant
733 1238 939 1315 turpitudinem

111 1346 141 1394 10
157 1336 277 1410 aliquam
298 1353 357 1392 non
377 1335 504 1410 turpiter.
546 1335 598 1392 Est
623 1345 726 1406 autem,
749 1344 780 1390 ut
806 1334 840 1390 ad
867 1332 939 1390 illud

156 1431 271 1488 tertium
285 1430 406 1501 veniam,
421 1440 465 1487 est
477 1431 561 1506 plane
574 1429 693 1488 oratoris
707 1448 819 1487 movere
831 1428 937 1486 risum:

155 1528 200 1586 rel
221 1527 297 1602 quod
318 1527 378 1604 ipsa
398 1527 524 1584 hilaritas
551 1525 776 1583 benevolentiam
801 1524 939 1582 conciliat

82 1698 86 1706 ,
155 1625 194 1695 ei,
208 1644 258 1701 per
278 1642 361 1699 quem
383 1624 507 1681 excitata
526 1634 586 1693 est3
607 1622 650 1679 vel
667 1621 741 1697 quod
764 1621 938 1679 admirantur
1040 1662 1041 1667 η

156 1740 256 1779 omnes
285 1740 415 1792 acumen,
443 1738 501 1777 uno
527 1737 602 1794 sepe
629 1712 659 1775 iu
685 1719 771 1776 verbo
803 1718 937 1794 positum,
1040 1716 1041 1719 ’

112 1824 142 1873 15
156 1818 279 1875 maxime
298 1815 504 1892 respondentis,
519 1832 725 1889 nonnunquam
745 1814 831 1871 etiam
849 1814 939 1871 laces-
1040 1844 1041 1887 l

155 1914 260 1981 sentis;
294 1914 338 1969 vel
371 1912 447 1989 quod
484 1910 589 1986 frangit
627 1909 827 1980 adversarium,
861 1909 938 1984 quod
1040 1900 1041 1903 ¹

156 2010 283 2085 impedit,
305 2010 381 2084 quod
400 2009 501 2077 elevat,
520 2006 595 2082 quod
616 2006 748 2077 deterret,
769 2004 845 2080 quod
864 2005 939 2063 refu·
1040 2002 1041 2005 ’

155 2116 212 2177 tat;
246 2106 290 2163 vel
318 2106 395 2181 quod
427 2105 521 2179 ipsum
554 2113 695 2160 oratorem
726 2102 846 2177 politum
875 2120 939 2159 esse

157 2202 299 2261 hominem
319 2200 471 2278 significat,
491 2200 567 2276 quod
588 2200 741 2270 eruditum,
760 2198 836 2274 quod
858 2200 939 2255 urba·

110 2311 142 2360 20
157 2319 236 2368 uum,
251 2297 428 2371 maximeque
445 2296 520 2370 quod
541 2295 685 2353 tristitiam
705 2312 739 2351 ac
758 2294 938 2351 severitatem

156 2396 278 2471 mitigat,
298 2403 327 2449 et
352 2392 469 2462 relaxat,
495 2392 665 2466 odiosasque
691 2408 749 2447 res·
763 2408 847 2467 saepe,
868 2408 939 2465 quas

158 2489 332 2567 argumentis
357 2489 428 2547 dilui
455 2507 514 2545 non
542 2488 625 2545 facile
652 2497 704 2557 est,
729 2487 796 2562 joco
823 2487 938 2561 risuque

158 2586 293 2643 dissolvit.
332 2585 488 2648 Quatenus
515 2594 609 2642 autem
636 2583 693 2640 sint
718 2583 840 2640 ridicula
866 2592 940 2639 trac·

157 2682 245 2739 tanda
258 2682 373 2753 oratori,
387 2699 522 2758 perquam
544 2680 695 2757 diligenter
712 2678 866 2736 videndum
885 2694 939 2751 est,
1040 2692 1041 2703 ¹

111 2784 143 2835 25
158 2776 187 2835 id
207 2778 281 2853 quod
302 2777 332 2836 in
351 2788 453 2853 quarto
472 2776 538 2834 loco
565 2774 709 2849 quaerendi
735 2792 939 2851 posueramus:

156 2893 223 2932 uam
244 2892 300 2931 nec
319 2873 439 2950 insignis
459 2872 633 2947 improbitas,
654 2881 683 2929 et
702 2872 810 2929 scelere
828 2871 938 2947 juncta,

157 2989 213 3029 nec
243 2989 340 3028 rursus
372 2969 487 3027 miseria
518 2968 648 3045 insignis,
676 2967 783 3044 agitata
814 2967 940 3024 ridetur:

158 3068 333 3128 facinorosos
350 3066 428 3125 euim
448 3065 555 3143 majore
574 3064 697 3142 quddam
717 3062 755 3136 ri,
769 3082 853 3139 quam
873 3062 942 3121 ridi·
