2109 3417
120 270 177 331 116
435 276 478 326 un
500 279 665 328 oannoaa.
866 280 951 340 [nn.

165 426 267 497 aiebat,
289 426 393 485 boum
412 427 684 503 partemsermouis
711 427 740 486 in
767 427 846 486 hunc
872 428 951 486 diem

164 542 227 580 esse
241 523 365 581 dilatam.
407 525 474 583 Hoc
488 526 516 586 si
526 535 556 582 tu
574 525 707 602 cupidius
726 525 833 583 factum
854 525 952 582 existi·

164 639 234 691 mas,
260 621 367 678 Caesari
396 622 550 692 attribues;
582 622 606 678 si
633 621 810 692 familiarius,
834 622 951 697 utrique

1043 507 1046 594 l

164 717 302 774 nostrum.
342 716 406 774 Nos
426 718 553 793 quidem,
568 717 624 775 nisi
645 717 717 775 sorte
737 718 849 775 molesti
863 719 951 775 inter·
1045 791 1046 800 ἵ

132 823 149 872 5
164 813 302 884 venimus,
317 814 428 872 venisse
441 813 573 872 delectat.

203 1005 254 1063 lv.
286 1006 364 1064 Tum
400 1007 533 1079 Crassus,
572 1007 724 1083 Equidem,
761 1026 950 1083 quecumque

164 1121 252 1161 causa
265 1121 316 1160 roa
335 1103 392 1160 huc
413 1104 562 1176 attulisset,
583 1105 704 1177 laetarer,
719 1123 786 1163 curn
808 1105 882 1181 apud
902 1122 950 1161 me

165 1200 290 1258 riderem
311 1200 442 1257 homines
466 1201 537 1258 mihi
564 1202 728 1259 carissimos
755 1211 783 1259 et
811 1200 950 1258 amicissi-

163 1317 242 1356 mos:
272 1299 323 1354 sed
349 1309 455 1370 tamen,
479 1317 546 1356 vere
572 1301 678 1371 dicam,
702 1299 808 1374 quevis
834 1299 950 1358 mallem

118 1409 149 1458 10
165 1394 274 1465 linisset,
289 1413 374 1469 quam
395 1395 458 1466 ista,
480 1414 566 1470 quam
587 1395 668 1453 dicis.
710 1395 774 1473 Ego
794 1397 870 1453 enim
893 1395 948 1472 (ut,

164 1491 403 1566 quemadmodum
431 1493 534 1564 sentio,
561 1492 675 1569 loquar)
703 1510 849 1567 nunquam
877 1492 949 1550 milri

164 1587 269 1659 minus,
284 1605 368 1662 quarn
390 1587 524 1644 hesterno
544 1588 601 1658 die,
622 1589 728 1664 placui,
750 1587 856 1665 (magis
876 1588 949 1645 adeo

165 1683 193 1741 id
215 1683 352 1741 facilitate
372 1703 457 1760 quam
479 1684 535 1741 alia
555 1684 614 1742 ulla
634 1684 719 1759 culpa
733 1684 797 1742 med
811 1684 947 1764 contigit)

164 1780 223 1854 qui,
246 1779 313 1837 dum
340 1782 482 1855 obsequor
510 1779 749 1851 adolescentibus,
777 1799 823 1836 me
850 1799 949 1838 senem

118 1895 149 1944 15
163 1895 227 1934 esse
241 1895 303 1934 sum
318 1876 433 1949 oblitus,
455 1876 568 1950 fecique
582 1876 621 1948 id,
633 1875 709 1951 quod
729 1895 766 1933 ne
781 1875 950 1934 adolescens
1047 1905 1048 1908 ¹

165 1971 280 2046 quidem
301 1971 435 2042 feceram,
457 1985 488 2028 ut
508 1972 544 2029 iis
564 1971 599 2028 de
620 1971 796 2046 rebusque
816 1973 950 2030 doctrina

166 2067 261 2140 aliqud
294 2067 519 2138 continerentur,
554 2067 736 2142 disputarem.
798 2068 855 2126 Sed
892 2068 950 2128 hoc

165 2174 261 2218 tamen
285 2163 393 2219 cecidit
417 2163 486 2219 mihi
509 2174 731 2239 peropportune,
752 2165 839 2239 quod,
860 2175 951 2224 trans·

166 2257 239 2314 actis
261 2258 320 2333 jain
347 2258 421 2316 meis
446 2259 585 2334 partibus,
613 2260 649 2317 ad
677 2260 837 2318 Antonium
872 2263 951 2320 audi-

117 2363 150 2412 πυ
165 2353 271 2410 endum
291 2353 416 2412 renatis
457 2354 535 2412 Tum
556 2355 664 2427 Cesar,
679 2355 831 2431 Equidem,
847 2356 948 2431 inquit,

165 2449 278 2521 Crasse,
301 2449 340 2508 ita
361 2467 424 2507 sum
446 2450 568 2526 cupidus
589 2461 618 2508 te
640 2452 669 2509 in
692 2452 741 2510 ills
762 2452 892 2530 longiore
915 2471 950 2512 ac

164 2545 303 2619 perpetui
329 2544 522 2620 disputatione
549 2546 695 2618 audiendi,
716 2557 757 2619 ut,
779 2547 803 2605 si
826 2548 855 2606 id
879 2549 950 2608 mihi

164 2640 260 2697 minus
286 2641 444 2717 contingat,
472 2642 515 2698 vel
544 2641 599 2700 hoc
626 2643 679 2700 sim
706 2643 873 2720 quotidiano
899 2656 950 2703 tuo

164 2753 296 2794 sermone
323 2747 483 2795 contentas.
535 2737 635 2813 Itaque
661 2740 790 2815 experiar
816 2741 949 2816 equidem

117 2833 150 2883 ὅ
165 2833 245 2904 illud,
260 2844 292 2891 ut
304 2853 342 2890 ne
356 2834 513 2910 Sulpicius,
524 2833 673 2893 familiaris
686 2855 778 2908 meus,
790 2845 838 2896 aut
852 2837 949 2909 Cotta,

164 2930 333 3008 plusquam
352 2949 416 3008 ego,
438 2931 513 3007 apud
532 2941 562 2988 te
583 2931 678 2990 valere
699 2932 844 3004 rideatur3
871 2943 901 2990 st
920 2947 950 2992 te

165 3029 291 3088 exorabo
308 3029 449 3106 prolecto,
462 3039 496 3088 nt
515 3029 587 3090 milri
607 3048 720 3108 quoque
733 3041 761 3092 et
774 3031 877 3091 Calido
892 3041 951 3092 tua
