2109 3417
137 247 192 307 1⁰8
279 295 284 312 „
453 255 496 302 nn
517 253 681 304 cessone.
892 257 931 316 [t.
943 257 962 302 1.

179 406 334 463 assentior:
368 415 474 475 cetera,
501 423 563 479 quae
593 402 736 478 collegisti
762 420 798 460 ex
824 403 908 463 variis
934 415 963 461 et

179 501 297 559 diversis
317 502 419 566 studiis
431 513 460 558 et
475 503 592 572 artibus,
613 501 725 558 tametsi
747 502 806 576 ipse
821 521 852 558 es
866 502 963 560 omnia

178 609 360 670 consecutus,
387 609 482 656 tamen
510 599 546 656 ab
572 598 691 655 oratoris
717 598 832 674 proprio
866 598 962 656 officio

178 704 263 770 atque
276 713 395 754 munere
408 696 541 773 sejuncta
553 712 615 752 esse
631 695 759 752 arbitror.

145 889 163 940 5
216 885 311 945 LXII.
343 885 417 945 Haec
450 906 517 945 cum
551 887 697 945 Antonius
730 886 856 958 dixisset,
891 905 961 944 sane

177 980 308 1039 dubitare
334 981 411 1040 visus
437 993 480 1040 est
507 982 665 1058 Sulpicius,
688 992 717 1040 et
744 983 840 1052 Ootta,
869 983 960 1040 utrius

105 1108 107 1113 ·
176 1078 267 1134 oratio
287 1078 403 1153 propius
423 1079 458 1134 ad
478 1078 625 1136 veritatem
646 1078 788 1136 videretur
810 1079 958 1136 accedere.

176 1171 255 1229 'l'uru
276 1173 413 1231 Crassus:
434 1173 604 1248 Operarium
626 1174 709 1231 nobis
729 1173 881 1248 quendam,
898 1174 960 1232 An·
1045 1209 1046 1270 ἐ

174 1268 246 1338 toni,
259 1279 400 1326 oratorem
422 1270 509 1338 facis;
533 1280 616 1344 atque
637 1270 710 1327 hand
732 1270 803 1340 scio,
819 1288 854 1327 an
877 1271 958 1328 aliter
1045 1295 1046 1308 ¹

130 1369 161 1417 1⁰
175 1365 290 1435 sentias,
305 1375 334 1422 et
348 1376 428 1422 utare
447 1367 498 1422 tud
518 1365 566 1422 itta
585 1366 706 1423 mirifici
721 1366 755 1424 ad
770 1366 957 1426 refellendum

174 1462 393 1532 consuetudine,
410 1462 466 1537 quit
486 1461 539 1521 tibi
559 1481 644 1520 uerno
665 1481 788 1536 unquam
808 1464 956 1538 prestitit;

167 1558 257 1635 *cnjus
277 1559 391 1633 quidem
411 1558 500 1633 ipsius
521 1558 664 1616 facultatis
684 1559 850 1618 exercitatio
864 1570 957 1618 orato·

174 1672 236 1711 rum
250 1654 364 1730 propria
376 1664 428 1726 est,
444 1654 493 1711 sed
511 1653 569 1729 jam
591 1653 620 1710 in
640 1655 871 1730 philosophorum
889 1675 957 1714 cou-

173 1751 324 1809 suetudine
350 1761 487 1823 versatur,
510 1750 689 1824 maximeque
713 1769 822 1821 eorum,
846 1752 895 1826 qui
919 1752 957 1810 de

127 1854 160 1908 15
173 1847 250 1904 omni
274 1865 306 1905 re
330 1848 475 1924 propositis
499 1847 528 1904 iu
553 1858 701 1921 utramque
728 1858 835 1923 partem
863 1849 957 1908 solent

172 1942 368 2017 copiosissime
398 1943 504 2000 dicere
558 1943 665 2000 Verum
693 1962 747 2020 ego
774 1963 830 2006 non
863 1945 955 2004 solum

173 2038 338 2110 arbitrabar,
372 2039 417 2096 his
448 2037 603 2114 praesertim
638 2039 828 2110 audientibus,
858 2059 875 2098 a
907 2060 954 2098 me

172 2129 319 2188 informari
344 2143 485 2208 oportere,
512 2133 604 2206 qualis
630 2151 692 2190 esse
721 2144 815 2208 posset
842 2133 876 2205 is,
904 2135 953 2210 qui

171 2223 312 2284 habitaret
332 2226 361 2282 in
382 2224 533 2296 subselliis,
548 2244 640 2301 neque
660 2226 812 2301 quidquam
833 2227 954 2302 amplius

124 2331 156 2382 2⁰
171 2321 293 2392 afferret,
310 2341 394 2397 quam
414 2322 490 2396 qnod
510 2341 660 2380 causarum
682 2323 838 2380 necessitas
857 2335 953 2399 postu-

169 2415 257 2474 laret:
279 2417 328 2473 sed
349 2417 440 2493 majus
459 2417 594 2492 quiddam
615 2417 836 2488 videbam‚oum
854 2426 952 2478 oense-

169 2513 245 2582 bam,
265 2525 415 2584 oratorem,
435 2515 591 2588 praesertim
613 2514 641 2572 in
669 2515 765 2572 nostrai
793 2517 950 2591 republicis,

169 2608 277 2668 nullius
294 2610 453 2668 ornamenti
474 2622 616 2686 expertem
638 2629 700 2667 esse
720 2625 859 2685 oportere.
900 2613 949 2672 Tu

169 2715 274 2777 autem,
288 2706 420 2781 quoniam
434 2705 546 2781 exiguis
559 2707 727 2780 quibusdam
742 2707 846 2766 finibus
859 2719 948 2766 totum

122 2816 156 2868 25
168 2802 290 2860 oratoris
305 2821 407 2859 munus
428 2801 653 2872 circumdedisti,
668 2802 724 2859 hoc
739 2803 850 2861 laoilius
865 2804 948 2863 nobis

168 2915 293 2974 expones
312 2916 356 2969 ea,
376 2917 439 2972 quae
460 2898 552 2954 abste
567 2896 602 2954 dc
622 2897 724 2954 officiis
743 2898 948 2974 preceptisque

167 2993 288 3056 cruoris
314 2995 433 3068 quaesita
454 3005 537 3063 sunt3
569 2993 630 3065 sed,
654 2994 766 3069 opinor,
788 2995 949 3066 secuudum
