2109 3417
112 313 197 376 urs]
396 309 627 360 ononsrorts.
891 299 950 360 165

113 481 165 521 eos
181 470 368 533 eouseeutos‚
388 461 465 536 quod
485 461 516 519 in
536 470 617 519 tento
636 459 706 532 otio,
724 459 813 517 etiern
840 458 903 517 sine

114 559 172 616 hoe
191 558 298 616 forensi
318 558 534 629 exercitatione,
547 546 669 615 ¹effioere
687 566 850 634 potuerunt,
871 566 904 614 ut

114 673 233 732 genere
247 673 343 712 rerum
375 654 583 726 discernerent,
610 671 701 728 eoque
725 653 812 729 paulo
838 651 903 710 sub·

114 751 195 809 tiiius
207 751 391 826 explicarent.
432 751 541 808 Verum
563 750 618 808 hoo
632 750 678 826 (ut
689 749 764 828 dini)
780 749 850 805 nihil
866 748 902 806 ud

114 865 171 905 me.
210 846 286 903 Illud
300 847 336 904 ed
350 865 407 918 me,
421 865 456 904 ne
469 846 561 904 multo
581 846 667 904 etism
686 847 777 922 magis
792 845 826 903 sd
841 853 932 916 vos,5

114 944 204 1002 Cotto
223 953 320 1001 noster
332 954 362 1000 et
375 942 504 1018 Stripiei:
524 942 670 1017 quomodo
689 961 768 1000 nuno
788 961 818 999 se
838 943 902 1000 isto·
924 1007 927 1027 ι

114 1059 180 1098 rum
200 1049 274 1097 artes
293 1038 410 1110 hebent,
430 1038 660 1114 pertimescenda
679 1051 722 1096 est
748 1038 901 1096 multitudo

115 1154 284 1194 euasurum:
305 1147 349 1192 est
363 1123 440 1191 enirn
462 1135 583 1201 infinito,
598 1135 622 1191 si
637 1135 665 1192 in
680 1135 902 1210 personisponi·

114 1242 178 1302 tur3
199 1242 268 1307 quot
287 1231 428 1302 homines,
446 1241 488 1288 tot
509 1250 621 1289 cause:
642 1231 686 1288 siu
708 1231 742 1288 ud
763 1247 899 1308 generum

114 1327 263 1386 universus
283 1328 454 1402 questiones
472 1327 649 1398 referentum
671 1327 711 1384 ite
730 1327 852 1385 modioae
872 1338 900 1385 et
917 1337 947 1386 10

113 1442 216 1501 penest
235 1433 310 1494 sunt,
324 1432 357 1479 ut
376 1441 425 1479 eas
445 1441 555 1494 omnes,
576 1423 738 1500 diligentes,
753 1433 782 1480 et
795 1438 901 1482 merno-

114 1539 172 1592 res,
187 1529 216 1577 et
229 1519 316 1577 sobrii
330 1529 457 1577 oratores
470 1538 621 1595 percursas
642 1519 746 1591 animo,
761 1529 799 1591 et,
812 1539 900 1596 prope

104 1616 222 1689 dicem,
249 1616 415 1673 deesntstes
441 1616 547 1674 habere
573 1615 712 1685 debeant3
746 1615 801 1672 nisi
828 1616 901 1673 t’orte

115 1711 293 1784 existimetis,
322 1731 339 1769 o
365 1711 405 1769 Μ’
432 1711 523 1769 Curio
555 1729 672 1768 esurum
705 1709 840 1768 didicisse
866 1711 899 1768 L.

78 1840 81 1845 ·
114 1809 262 1879 Crassum,
283 1817 313 1866 et
332 1809 367 1866 ed
386 1827 419 1865 re
436 1809 528 1865 muita
549 1807 685 1890 audiisse,
706 1808 900 1882 quemobrem,
917 1815 948 1864 15

114 1915 249 1983 postumo
268 1923 326 1963 non
346 1914 425 1976 usto,
445 1905 566 1962 Curium
587 1914 683 1961 temen
698 1903 830 1961 heredem
844 1903 902 1961 Co-

114 2000 197 2078 ponii
210 2019 273 2058 esse
285 2011 437 2077 oporteret.
477 2000 560 2058 Nihil
574 1999 610 2058 ed
625 2000 737 2076 copiam
753 2019 901 2076 argumen-

115 2108 221 2169 torum,
235 2115 328 2173 neque
349 2097 384 2154 sd
404 2116 499 2156 osusae
512 2097 569 2154 vim
592 2108 780 2164 aenatorum,
795 2115 900 2154 nomen

115 2192 242 2268 Coponii
269 2203 318 2251 sut
344 2193 426 2251 Curii
452 2193 598 2269 pertinuit.
644 2193 678 2250 Iu
707 2211 813 2270 genere
839 2203 900 2250 erut

115 2287 250 2346 universo
282 2289 325 2346 rei
357 2289 533 2365 negotique,
561 2307 620 2346 non
647 2289 677 2346 in
703 2299 832 2364 ternpore
865 2306 899 2346 to
915 2301 947 2352 w

115 2384 290 2457 nominibus,
311 2384 405 2463 omnis
431 2385 567 2459 questio:
593 2384 670 2442 Cum
697 2385 833 2460 seriptum
860 2385 901 2445 ito

115 2481 163 2552 sit,
178 2481 231 2539 “si
244 2481 314 2538 mihi
331 2481 407 2538 filius
426 2479 550 2558 genitur,
565 2481 646 2555 isque
658 2469 738 2556 prius
751 2469 898 2553 moritur,”

114 2587 146 2634 et
159 2587 264 2645 stetere,
278 2583 297 2611 ‘⁴
306 2588 366 2635 tum
388 2588 420 2635 ut
437 2576 507 2634 mihi
521 2575 569 2633 ille
582 2577 620 2634 sit
633 2577 715 2634 heres
725 2578 756 2634 :”
778 2577 802 2634 si
816 2588 900 2636 natus

114 2671 192 2732 iilius
217 2692 276 2730 non
302 2673 350 2745 sit,
372 2674 540 2732 videaturne
568 2673 601 2744 is,
625 2673 674 2750 qui
700 2673 760 2732 filio
786 2685 900 2732 mortuo

114 2768 264 2828 institutus
276 2769 360 2828 heres
372 2769 419 2842 sit,
434 2770 517 2827 heres
529 2787 601 2829 esse.
914 2777 947 2826 25

154 2959 303 3020 XXXIII.
333 2960 468 3038 Perpetui
493 2962 567 3039 juris
587 2973 616 3019 et
636 2963 759 3020 universi
786 2963 901 3040 generis

109 3059 234 3137 ¹questio
259 3076 320 3117 nou
345 3057 493 3117 hominum
520 3057 649 3132 nomine,
676 3059 725 3120 sed
759 3058 900 3116 rationem
