2109 3417
125 322 207 384 um]
407 321 451 369 uu
471 314 635 369 ousrouu
917 310 958 371 25

125 470 197 527 mihi
216 469 265 528 rix
283 469 431 530 ferendum
450 470 608 529 ridebatur.
649 468 709 529 Hic
722 486 789 528 uum
804 468 911 528 arrisis-

126 575 170 623 set
183 566 244 643 ipse
258 567 389 639 Crassus,
402 568 551 640 Attamen,
566 567 659 643 inquit
672 567 828 639 Antonius,
843 584 911 625 eum

127 676 216 720 artem
242 682 306 721 esse
332 663 509 736 facetiarum,
531 664 601 736 Juli,
621 682 752 741 negares,
774 662 911 740 aperuisti

126 758 271 832 quiddam,
282 760 359 834 quud
371 760 595 835 praecipiendum
606 760 758 817 videretur.
799 757 910 817 Huberi

125 855 203 911 euim
230 856 326 917 dixisti
353 856 493 915 rationem
519 868 651 932 oportere
678 855 838 927 hominum,
856 854 941 925 rei,5

125 951 270 1026 temporis,
284 952 404 1026 nequid
420 952 505 1028 jocus
517 952 555 1009 de
567 952 705 1029 gravitate
726 952 909 1027 decerperem

125 1048 202 1121 quod
222 1048 338 1121 quidem
358 1048 389 1104 in
406 1048 506 1123 primis
518 1067 537 1106 u
550 1048 656 1105 Crasso
669 1048 813 1105 observari
827 1048 908 1107 solet.

125 1144 184 1201 Sed
204 1144 261 1202 hoo
279 1154 455 1219 preceptum
477 1145 750 1220 pretermittendum
771 1154 814 1203 est
835 1145 910 1203 seue·

124 1240 239 1311 timum,
267 1259 333 1297 eum
361 1240 406 1298 his
432 1241 503 1298 nihil
531 1260 602 1316 opus
629 1240 682 1298 sit:
716 1259 769 1297 uos
803 1251 908 1311 autem,

124 1336 268 1411 quomodo
280 1346 403 1409 utamur,
418 1356 484 1395 eum
499 1356 571 1413 opus
584 1338 630 1407 sit,
644 1336 813 1412 querimus3
834 1338 909 1395 utin
925 1346 956 1396 10

126 1432 328 1494 adversarium.
345 1445 374 1491 et
394 1432 526 1503 maxime,
542 1433 566 1489 si
586 1432 647 1508 ejus
667 1432 787 1491 stultitia
805 1433 911 1507 poterit

126 1530 237 1606 agitari,
258 1530 288 1588 iu
314 1541 417 1589 testem
442 1530 571 1601 stultum,
596 1529 743 1605 eupidum,
763 1530 864 1600 levem,
885 1530 910 1587 si

125 1626 210 1684 fusile
237 1627 368 1685 homiues
396 1626 521 1685 audituri
547 1626 728 1683 videbuntur.
781 1624 911 1683 Omnino

123 1724 317 1799 probabiliora
334 1732 411 1794 sunt,
431 1742 494 1798 quur
517 1721 644 1779 leeessiti
671 1720 803 1791 dieimus,
824 1738 910 1795 quum

124 1807 188 1894 que
201 1820 326 1895 priores:
347 1838 414 1877 uum
428 1830 457 1877 et
471 1818 580 1895 ingenii
601 1817 734 1875 celeritas
752 1817 841 1893 major
856 1826 909 1888 est,
925 1826 956 1875 15

123 1934 187 1991 que
206 1926 323 1993 apparet
339 1917 369 1974 iu
388 1915 598 1992 respondendo,
613 1924 642 1972 et
662 1913 846 1971 humanitatis
866 1923 910 1971 est

123 2013 280 2088 responsio.
331 2013 472 2070 Videmus
491 2012 569 2069 enim
590 2010 714 2085 quieturi
735 2009 832 2081 fuisse,
853 2010 910 2069 nisi

123 2128 252 2167 essemus
264 2109 406 2180 lseessiti3
427 2119 469 2179 ut,
483 2108 582 2167 inisti
596 2108 657 2184 ipsi
671 2107 823 2177 moncione,
838 2106 909 2165 nihil

124 2205 184 2263 fere
204 2205 314 2262 dietum
334 2214 377 2263 est
399 2206 435 2262 sb
454 2205 521 2276 hoe,
543 2204 619 2280 quod
647 2204 762 2279 quidem
788 2202 911 2261 facetius

124 2300 233 2358 dietum
253 2302 406 2373 rideretur,
427 2302 503 2377 quod
523 2320 583 2359 nou
602 2311 775 2375 proroeatus
794 2318 911 2376 respon·
923 2313 956 2364 m

124 2396 208 2453 derit.
261 2397 331 2455 Erat
357 2407 452 2455 sutem
476 2408 557 2456 teuta
577 2395 700 2473 gravitas
720 2396 750 2454 iu
770 2396 911 2468 Domitio,

123 2501 205 2549 tanta
224 2494 389 2565 auctoritas,
403 2504 445 2564 ut,
459 2494 535 2569 quod
555 2503 631 2551 esset
652 2494 687 2551 ab
706 2512 742 2552 eo
755 2493 910 2569 objectum,

123 2588 221 2663 lepore
234 2589 327 2665 magis
340 2589 519 2662 elevandum,
534 2608 619 2664 quam
640 2589 823 2648 eontentioue
837 2589 912 2647 fruu-

123 2684 262 2762 geudum,
276 2685 428 2743 rideretur.
443 2727 446 2736 .

163 2876 258 2935 LVII.
290 2876 368 2947 Tum
389 2878 545 2955 Sulpicius,
565 2878 648 2941 Quid
669 2878 777 2956 igitur?
802 2877 910 2954 iuquit:
923 2887 955 2937 25

121 2974 274 3050 patiemur,
290 2974 445 3048 cesarem,
458 2976 509 3051 qui
529 2994 693 3051 quenquam
713 2975 819 3033 Crasso
837 2974 913 3031 faue-

122 3070 180 3129 tius
198 3070 344 3147 coneedit,
364 3081 462 3131 tumen
487 3073 579 3133 multo
598 3072 628 3131 iu
649 3092 685 3132 eo
704 3072 801 3131 studio
820 3068 912 3146 migis

202 3184 267 3225 rou.
282 3186 314 3227 rr.
433 3169 453 3227 3
