2109 3417
104 292 126 351 ⁶
422 310 465 358 nu
486 310 650 359 currens.
851 310 933 371 [nu.

149 456 245 529 tende,
259 457 330 517 nihil
351 459 502 536 adjuvante
523 460 634 519 naturai.
675 459 734 519 Sed
753 469 861 519 tentam
875 459 932 521 vim

149 553 235 611 habet
257 554 316 630 illu,
339 569 505 631 querceto
529 561 646 616 abono
672 558 759 634 polite
785 558 864 615 dicta
889 567 933 615 cst

149 650 338 726 “flexanima,
360 663 444 731 utque
464 655 714 732 omnium-regina
734 638 858 726 lerum,''
872 672 934 712 ora·

148 747 200 820 tio,
227 758 259 806 ut
284 767 343 807 non
370 752 456 809 modo
481 752 669 809 inclinantem
700 751 856 827 impellere,
884 758 934 807 aut

117 848 270 903 mantem
304 846 453 920 inclinare,
480 849 532 905 sed
565 848 652 907 etiam
681 848 877 907 adversantem
902 854 933 903 et

147 953 365 1019 repugnantem,
397 954 430 1001 ut
462 945 615 1021 imperetur
649 945 741 1002 bonus
775 962 810 1001 ac
842 942 932 1015 sortis,

148 1054 251 1114 cupere
264 1038 363 1114 possit

186 1230 278 1289 XLV.
310 1232 384 1290 Haec
398 1243 464 1289 sunt
478 1233 536 1305 illa,
551 1252 613 1309 qnae
628 1252 673 1291 me
689 1233 791 1291 ludens
811 1232 933 1291 Crassus

147 1328 234 1384 modo
260 1328 417 1405 flagitabat,
444 1348 510 1387 cum
538 1349 555 1387 a
581 1348 627 1386 me
652 1330 790 1387 divinitus
815 1328 934 1389 tractari

103 1427 134 1475 1⁰
148 1424 240 1481 solere
259 1425 379 1497 diceret,
399 1435 430 1482 et
449 1425 479 1482 in
500 1426 588 1483 canet
616 1424 657 1482 M'
680 1426 799 1500 Aquilii,
821 1427 855 1483 Ο.
877 1444 933 1501 que

147 1520 287 1594 Norbani,
301 1522 504 1596 nonnullisque
518 1522 591 1594 aliis,
607 1522 688 1597 quasi
700 1522 836 1597 preclare
857 1533 932 1594 actu,

147 1619 291 1677 laudaret:
312 1638 386 1693 que,
398 1618 572 1689 mehercule,
584 1637 649 1702 ego,
664 1618 776 1689 Crasse,
791 1636 857 1675 cum
873 1628 932 1676 ute

146 1725 305 1773 tractentur
331 1716 361 1772 in
389 1715 494 1786 causis,
518 1715 634 1773 horrere
661 1714 757 1772 soleo:
784 1723 865 1771 tanta
888 1714 933 1773 vis

149 1811 247 1886 animi,
280 1822 376 1869 tantus
410 1812 542 1887 impetus,
576 1818 672 1868 tantus
704 1810 794 1881 dolor,
828 1810 932 1882 oculis,

102 1909 133 1957 15
148 1909 236 1979 vultu,
257 1917 350 1985 gestu,
371 1907 462 1984 digitu
482 1906 682 1983 deniqueisto
701 1916 761 1979 tu0,
776 1905 933 1983 significari

147 2005 236 2061 solet:
256 2014 368 2060 tantum
382 2014 426 2061 est
439 2003 546 2061 flumen
567 2002 797 2080 gravissimorum
812 2003 934 2078 optimo-

147 2117 266 2173 rumque
286 2100 446 2171 verburum‚
467 2111 526 2157 tam
549 2100 666 2176 integrae
694 2099 852 2170 sententiae,
873 2108 932 2157 tam

147 2212 230 2268 vere,
257 2209 315 2253 tam
341 2214 430 2266 novae,
454 2206 512 2253 tum
541 2196 603 2253 sine
629 2196 784 2272 pigmentis
811 2196 934 2271 fucoque

146 2292 259 2367 puerili,
275 2302 305 2349 ut
319 2292 389 2349 milri
402 2310 461 2349 non
475 2291 568 2349 solum
582 2300 613 2349 tu
628 2291 783 2349 incendere
793 2291 932 2369 judicem,

100 2396 132 2445 20
147 2389 199 2445 sed
212 2390 272 2463 ipse
287 2388 395 2460 ardere,
410 2388 540 2447 videaris.

185 2484 288 2560 Neque
307 2486 368 2542 fieri
389 2496 492 2560 potest,
514 2497 545 2543 ut
565 2484 661 2543 doleat
681 2484 705 2542 ie
725 2485 773 2560 qui
795 2485 882 2557 cudit,
900 2494 933 2543 ut

147 2581 248 2653 oderit,
264 2591 295 2639 ut
315 2582 449 2653 invideat,
464 2593 496 2640 ut
514 2583 698 2659 pertimescat
719 2582 835 2657 aliquid,
849 2592 882 2639 ut
896 2582 933 2640 ud

147 2678 245 2735 fletum
266 2678 547 2755 misericordiamque
568 2679 737 2751 deducetur,
756 2678 812 2736 nisi
832 2697 933 2736 omnes

146 2768 169 2831 ii
187 2785 289 2846 motus,
310 2794 381 2850 quos
400 2785 496 2833 cretur
524 2776 660 2834 adhibere
679 2776 754 2833 volet
777 2775 879 2852 judici,
901 2775 933 2833 in

100 2878 132 2929 25
147 2870 208 2948 ipsu
221 2882 335 2929 oratore
355 2872 484 2949 impressi
504 2892 568 2930 esse
589 2882 673 2949 atque
688 2858 780 2930 'inusti
795 2872 934 2930 videbun-

146 2978 201 3027 tur.
238 2968 331 3031 Quud
351 2970 376 3028 si
395 2971 479 3029 lictus
499 2968 601 3046 uliquis
620 2970 703 3028 delur
730 2968 933 3045 suscipiendus

146 3074 231 3141 esset,
249 3075 281 3124 et
299 3065 325 3125 ei
344 3066 375 3126 iu
393 3066 535 3144 ejusmodi
561 3084 669 3145 genere
694 3065 834 3125 cretionis
858 3064 932 3125 nihil

1051 668 1052 701 l

1048 728 1052 769 l
