2109 3417
129 328 210 389 nn]
405 325 455 376 es
475 323 639 375 onarons.
756 396 758 401 ,
922 312 962 373 53

129 479 180 536 sed
201 489 298 536 tamen
321 477 412 537 multo
436 489 481 536 est
506 478 618 554 turpius
643 470 760 547 oratori,
780 470 916 531 nocuisse

20 603 26 612 ·
131 574 220 633 videri
234 594 338 647 causis,
352 594 437 650 quem
451 592 510 633 non
523 573 673 651 profuisse.

169 767 311 826 LXXIII.
342 766 401 825 Sed
425 766 493 843 quid
518 767 575 825 hoc
597 766 664 824 loco
686 782 737 823 vos
761 763 914 835 intervos,

129 862 253 922 Catule?
274 882 310 921 en
331 864 402 935 hee,
417 875 449 922 ut
462 873 530 920 sunt
550 862 768 933 contemnenda,
790 863 914 917 contem·

128 960 217 1017 nitisi
256 959 389 1029 Minime,
411 961 503 1035 inquit
521 960 588 1017 iile:
615 959 665 1015 sed
686 959 783 1015 Cesar
803 957 839 1015 de
858 957 944 1013 istob

123 1055 192 1131 ipso
209 1057 346 1131 quiddam
367 1058 439 1113 veile
460 1057 559 1113 dicere
579 1055 735 1113 videbatur.
775 1053 826 1111 Me
846 1070 913 1110 vero

128 1151 254 1223 lubente,
270 1153 363 1227 inquit
382 1153 538 1224 Antonius,
559 1152 672 1223 dixerit,
686 1150 745 1209 sive
766 1149 913 1208 refellendi

126 1249 226 1319 deusd,
240 1249 300 1305 sive
314 1249 469 1323 querendi.

166 1344 245 1401 Tum
267 1344 371 1416 Julius,
394 1345 467 1421 Ego,
486 1344 660 1414 mehercule,
676 1344 776 1418 inquit,
791 1341 912 1413 Antoni,

128 1455 239 1516 semper
260 1441 285 1497 is
304 1441 355 1511 sui,
369 1441 418 1516 qui
432 1440 469 1497 de
482 1452 511 1497 te
524 1452 636 1497 oratore
655 1440 697 1496 sie
717 1439 912 1515 predicarem,
928 1448 958 1497 10

129 1554 218 1594 unum
244 1548 275 1595 te
298 1538 328 1595 in
355 1538 481 1595 dicendo
507 1536 577 1593 mihi
599 1536 686 1592 videri
714 1535 911 1606 tectissimum,

127 1634 331 1710 propriumque
358 1633 414 1691 hoc
440 1650 503 1690 esse
531 1631 623 1689 leudis
649 1642 715 1702 tun,
742 1630 812 1687 nihil
841 1648 858 1687 s
883 1640 914 1687 ta

128 1748 254 1804 unquam
275 1747 337 1788 esse
358 1730 477 1800 dictum,
498 1728 572 1803 quod
597 1728 710 1785 obesset
729 1726 766 1797 ei,
786 1744 838 1801 pro
857 1745 912 1801 quo

129 1826 249 1883 diceres.
290 1826 379 1901 idque
393 1826 532 1883 memorii
545 1835 639 1895 teneo,
655 1842 719 1881 curn
735 1823 804 1879 mihi
818 1840 912 1879 sermo

129 1939 196 1979 cum
217 1922 272 1980 hoe
293 1922 354 1998 ipso
374 1922 488 1994 Crasso,
509 1920 605 1979 multis
627 1920 816 1991 audientibus,
838 1930 913 1977 esset
928 1930 958 1980 15

128 2018 165 2075 de
184 2028 214 2076 te
233 2017 388 2089 institutus,
403 2018 580 2092 Crassusque
600 2016 729 2093 plurimis
743 2016 836 2073 verbis
855 2015 913 2073 elo·

128 2114 273 2190 quentiem
288 2115 416 2172 laudaret
430 2124 517 2185 tuam,
533 2114 637 2171 dixisse
650 2130 706 2183 me,
721 2130 788 2169 curn
809 2111 913 2169 ceteris

128 2208 186 2266 tuis
205 2209 338 2267 laudibus
358 2208 433 2265 hanc
453 2226 516 2265 esse
529 2208 572 2265 vei
588 2208 749 2278 maximam,
763 2206 839 2283 quod
854 2224 912 2264 non

128 2304 231 2374 solum,
245 2304 321 2379 quod
336 2322 407 2380 opus
424 2314 509 2374 esset,
523 2304 645 2374 diceres,
659 2303 709 2359 sed
725 2302 822 2373 etiarn,
836 2303 912 2377 quod

128 2417 189 2456 non
208 2416 281 2473 epus
301 2410 385 2471 esset,
406 2417 465 2456 non
491 2399 620 2457 diceres:
648 2410 708 2455 turn
736 2398 815 2455 illurn
843 2399 959 2456 mihim

129 2495 303 2570 respondere
322 2495 456 2551 memini:
485 2505 582 2551 cetera
609 2494 637 2551 in
665 2504 693 2551 te
720 2514 829 2552 surnrne
850 2512 913 2552 esse

129 2589 288 2660 laudanda3
320 2589 388 2647 illud
413 2591 626 2665 rero'irnprobi
650 2608 712 2647 esse
736 2590 861 2648 hominis
884 2600 914 2649 et

128 2684 285 2765 perfidiosi,
299 2684 396 2743 dicere
415 2685 490 2761 quod
512 2686 636 2744 alienum
655 2701 739 2757 esset,
753 2696 782 2744 et
796 2696 914 2745 noceret

128 2781 167 2854 ei,
181 2800 233 2859 pro
247 2800 304 2857 quo
317 2782 435 2857 quisque
455 2782 581 2840 diceret:
602 2802 690 2859 quere
706 2800 764 2839 non
778 2782 833 2839 sibi
847 2798 914 2841 eutn

129 2879 277 2950 disertum,
292 2877 341 2954 qui
361 2878 391 2936 id
403 2896 467 2937 ⁴nnn
487 2878 604 2951 faceret,
626 2878 725 2950 videri,
740 2878 790 2936 sed
812 2878 915 2955 irnpro·
927 2888 959 2938 ὕ

129 2976 208 3051 bunt,
221 2975 270 3052 qui
285 2975 400 3033 faceret.
427 2973 540 3047 Nunc,
555 2974 579 3033 si
593 2974 645 3033 tibi
659 2974 780 3047 videtur,
793 2974 914 3047 Antoni,

129 3070 309 3133 demonstres
335 3070 430 3146 velim,
456 3090 545 3152 quare
570 3080 602 3132 tu
628 3071 684 3133 hec
711 3070 752 3131 ite
778 3086 915 3147 magum

364 3166 411 3229 5*
