2109 3417
120 313 215 373 um]
402 313 446 371 pu
465 313 630 363 oratore.
657 378 660 387 .
908 300 949 361 97

121 460 309 532 militudines,
322 470 380 519 tarn
400 470 486 519 serta
504 479 552 521 res
571 460 708 538 oujusque
726 458 857 538 proprie,
875 469 905 517 et

122 555 154 614 in
167 556 203 613 ed
216 556 362 641 varietate,
376 555 435 615 sere
454 557 558 617 melius
573 578 589 615 a
602 557 752 629 deteriore,
769 556 906 615 facultate

122 652 215 729 magis
241 671 326 727 quam
352 672 466 730 genere,
490 654 685 731 distinguitur,
710 664 793 728 atque
819 670 904 710 omne

122 748 264 821 laudatur,
290 749 366 825 quod
393 749 423 807 in
449 768 502 807 suo
527 768 633 827 genere
659 749 816 825 perfeetum
843 758 902 819 est;

123 844 192 919 quid
218 845 350 918 censetis,
377 844 403 904 si
427 863 538 918 omues,
565 845 614 921 qui
638 845 741 921 ubique
767 854 834 903 sunt
856 853 934 903 auto

122 939 240 999 fueraut
264 952 400 1015 oratores,
427 941 561 1018 ampleoti
590 942 781 1001 voluerimusl
807 959 905 1000 nonne

122 1035 193 1108 fore,
209 1046 249 1109 ut,
263 1047 333 1111 quot
345 1048 481 1109 oratores,
493 1038 613 1097 totidem
626 1056 708 1115 pene
727 1038 903 1114 reperiantur

68 1162 71 1166 >
121 1151 229 1210 genera
261 1134 397 1191 dioendil
438 1134 492 1194 -Ex
525 1135 583 1209 qud
616 1135 681 1191 med
713 1132 905 1209 disputatione

122 1228 241 1286 forsitan
267 1239 400 1287 ooeurrat
426 1230 506 1301 illud,
531 1230 555 1287 si
577 1248 657 1305 paene
684 1230 904 1291 innumerabiles

123 1324 180 1381 sint
199 1325 279 1399 quasi
299 1325 396 1383 forme
416 1326 571 1401 figuraque
591 1325 716 1397 dioendi,
733 1326 829 1401 speeie
850 1325 950 1389 dis-10

122 1437 215 1496 pares,
241 1440 347 1499 genere
373 1420 545 1491 laudabiles3
579 1440 637 1478 non
663 1439 746 1495 posse
772 1440 816 1492 ea,
841 1439 904 1495 quae

124 1515 197 1575 inter
217 1535 248 1573 se
267 1517 439 1591 discrepant,
461 1516 562 1573 iisdem
588 1514 747 1591 preceptis,
770 1526 853 1590 atque
874 1516 903 1573 in

123 1612 182 1669 unt
203 1611 391 1681 institutione,
412 1610 535 1669 formari.
588 1611 678 1673 Quod
705 1629 763 1668 non
784 1621 828 1668 est
847 1610 902 1669 ita:

124 1707 396 1783 diligentissimeque
416 1706 471 1765 hoo
490 1717 534 1765 est
554 1706 605 1779 eiS,
620 1705 668 1782 qui
689 1705 842 1765 instituunt
856 1706 905 1764 ali·

125 1820 206 1877 quos,
221 1813 304 1877 atque
323 1803 467 1875 erudiunt,
488 1802 651 1877 videndum,
666 1821 722 1879 quo
742 1821 794 1861 sua
808 1822 904 1878 quem·
919 1814 951 1865 15

125 1917 181 1973 que
194 1908 295 1955 natura
307 1898 429 1957 maxime
442 1899 515 1977 ferre
527 1898 662 1957 videatur.
703 1899 817 1957 Etenim
830 1898 905 1957 vide·

123 2013 198 2065 ntus,
221 2012 258 2051 ex
280 1994 378 2052 eodem
404 1996 485 2070 quasi
508 1994 578 2052 ludo
601 2014 774 2053 summorum
798 1995 828 2053 iu
851 2013 904 2055 suo

123 2092 263 2168 cujusque
275 2109 380 2168 genere
399 2090 537 2149 artificum
553 2100 582 2148 et
594 2092 792 2168 magistrorum
812 2091 904 2151 exisse

123 2187 289 2263 discipulos,
309 2186 461 2256 dissimiles
483 2187 557 2245 inter
577 2206 617 2259 se,
639 2198 761 2246 attamen
788 2188 905 2247 laudan·

119 2283 192 2352 -dos;
218 2284 340 2341 eumad
363 2283 500 2359 cujusque
521 2294 652 2341 naturam
676 2284 815 2343 institutio
830 2286 905 2347 ,doo-
918 2296 950 2347 m

125 2376 194 2435 toris
214 2379 484 2439 accommodaretur.
538 2378 629 2455 Cujus
649 2390 692 2439 est
715 2381 758 2439 rel
782 2381 904 2439 maxime

126 2471 238 2549 insigne
257 2472 327 2531 illud
347 2474 507 2550 exemplum
524 2472 570 2552 (ut
583 2485 693 2534 oeteras
706 2486 780 2535 artes
793 2477 904 2535 omitta-

126 2569 214 2645 mus),
228 2568 303 2643 quod
322 2568 436 2627 dicebat
455 2568 607 2641 Isocrates,
621 2570 722 2631 dootor
741 2571 902 2650 singularis,

125 2681 157 2722 se
170 2662 330 2720 oaloaribns
350 2662 380 2721 in
399 2662 526 2738 Ephoro,
541 2676 641 2723 eontra
657 2676 751 2725 autem
766 2666 795 2725 in
808 2666 905 2728 Theo·

125 2768 231 2836 pampo
251 2757 348 2830 frenis,
368 2757 410 2817 uti
429 2758 538 2819 solere:
566 2761 684 2819 alterum
704 2762 791 2835 enim,
812 2762 950 2825 exsul-as

126 2864 234 2915 tantem
253 2854 403 2913 verborum
424 2854 554 2929 oudaoid,
574 2857 755 2933 reprimebat,
776 2859 906 2931 alterum,

126 2960 310 3009 annotantem
330 2961 360 3009 et
382 2950 463 3027 quasi
489 2954 739 3026 verecundantem,
760 2954 905 3022 incitabat,
989 2992 990 2997 κ

126 3046 230 3125 Neque
248 3064 299 3104 eos
318 3047 426 3108 similes
445 3048 547 3125 effecit
561 3047 634 3111 inter
654 3070 695 3126 se,
718 3050 769 3111 sed
796 3059 907 3111 tautum

203 3160 267 3203 vor„
281 3161 312 3203 u.
430 3144 453 3205 9
