2109 3417
12 293 13 296 ,
116 264 192 323 nu]
393 263 438 311 na
459 262 627 311 onerosa
901 252 940 313 21

117 410 289 470 desideretur
304 410 419 487 (natura
432 412 510 471 enim
529 413 612 490 fingit
632 412 762 471 homines
775 420 805 469 et
818 420 896 469 creat

118 508 270 589 imitatores
292 519 321 567 et
344 520 506 567 narratores
530 511 691 580 facetos,.et
715 509 793 566 vultu
820 508 897 584 adju·

117 616 207 676 vante,
221 614 250 661 et
272 625 353 677 voce,
367 616 396 663 et
419 607 482 682 ipso
504 626 610 684 genere
634 606 804 685 sermonis);
835 615 897 663 tum

117 719 181 758 vero
205 701 234 757 in
258 702 314 759 hoc
338 703 427 759 altero
451 703 622 775 dicacitatis,
648 703 717 778 quid
741 703 825 759 habet
852 720 898 759 ers

115 797 181 867 loci,
204 817 272 855 cum
296 808 362 855 ante
385 799 456 856 illud
480 799 605 857 facetum
630 800 738 856 dictum
762 798 928 857 emissum5

116 892 220 951 herere
233 893 346 965 debeat,
361 913 445 970 quam
466 895 587 971 cogitari
606 894 734 971 potuisse
748 894 896 951 videaturl

114 988 194 1051 Quid
217 988 298 1045 enim
326 989 374 1046 hic
400 1009 481 1047 meus
508 991 593 1049 frater
622 991 657 1047 ab
683 1000 743 1047 arte
771 989 897 1065 adjurari

114 1084 214 1160 potuit,
230 1104 297 1143 cum
318 1105 336 1143 s
354 1086 487 1161 Philippo
507 1086 706 1163 interrogatus,
727 1086 795 1161 quid
815 1086 899 1143 latra-

115 1191 166 1251 ret,
194 1189 212 1213 “
222 1181 329 1240 Furem
355 1201 386 1239 se
414 1182 538 1255 videre,''
573 1183 739 1258 respondit?
773 1183 841 1257 quid
868 1182 896 1241 in

115 1278 192 1348 omni
217 1279 346 1335 oratione
374 1278 506 1351 Crassus,
533 1280 577 1337 vel
604 1281 679 1355 apud
706 1280 898 1337 centumviros
914 1288 945 1339 10

116 1384 215 1433 contra
235 1375 403 1446 Scaevolam,
424 1376 468 1433 rel
488 1386 588 1435 contra
609 1385 804 1433 accusatorem
828 1376 899 1433 Bru.

115 1483 186 1543 tum,
210 1491 352 1548 cumpro
376 1474 431 1533 Cn.
456 1474 565 1533 Planco
589 1456 718 1531 diceretl
758 1473 835 1531 Nam
859 1473 899 1546 id,

116 1569 192 1643 quod
214 1579 246 1627 tu
269 1570 340 1629 mihi
364 1570 477 1641 tribuis,
498 1570 619 1641 Antoni,
641 1570 747 1627 Crasso
767 1578 820 1639 est,
841 1587 900 1627 om·

115 1665 196 1723 nium
219 1666 372 1736 sententia,
394 1666 622 1725 concedendum.
663 1666 730 1725 Non
750 1665 826 1723 enim
841 1665 900 1723 sere

114 1762 266 1837 quisquam
292 1763 459 1838 reperietur,
486 1774 588 1839 praeter
615 1763 702 1833 hunc,
724 1762 753 1819 in
780 1772 900 1837 utroque
916 1770 966 1821 15-

115 1876 220 1935 genere
240 1859 346 1935 lepuris
365 1860 519 1932 excellens,
535 1870 563 1917 et
583 1860 642 1931 illo,
657 1860 733 1934 quod
754 1859 784 1917 in
802 1876 902 1934 perpe·

115 1955 217 2013 tuitate
230 1956 380 2026 sermonis,
394 1967 423 2013 ct
437 1956 503 2029 hoc,
517 1956 592 2031 quod
606 1956 635 2013 in
651 1954 796 2013 celeritate
818 1964 902 2029 atque

115 2049 196 2117 dicto
215 2061 267 2108 est.
308 2051 385 2109 Nam
404 2052 466 2109 haec
478 2061 617 2128 perpetua
630 2060 731 2108 contra
743 2050 902 2108 Scaevolam

116 2146 244 2204 Curiana
256 2147 387 2205 defensio
403 2158 464 2205 tota
482 2147 651 2205 redundavit
672 2147 813 2205 hilaritate
833 2147 902 2221 qud-

113 2244 227 2314 damet
242 2244 328 2320 joco;
348 2245 427 2303 dicta
440 2244 490 2303 illa
504 2244 600 2301 brevia
613 2262 671 2301 non
686 2244 792 2301 habuit.
835 2243 901 2301 Par·
917 2254 948 2305 ἕο

116 2341 203 2399 cebat
228 2341 305 2399 enirn
333 2341 486 2399 adversarii
515 2340 665 2418 dignitati3
700 2341 730 2399 in
757 2358 814 2415 quo
842 2340 902 2415 ipse

116 2437 249 2495 servabat
271 2456 368 2506 suarm
399 2439 475 2513 quod
499 2448 544 2494 est
567 2437 730 2495 hominibus
753 2436 853 2495 facetis
873 2447 903 2495 ct

115 2532 269 2591 dicacibus
289 2532 497 2605 difficillimum,
518 2533 623 2591 habere
651 2534 798 2591 hominum
818 2533 904 2591 ratio·

115 2646 186 2689 nem
206 2636 236 2685 et
255 2638 423 2702 temporum,
444 2638 473 2685 et
499 2646 543 2700 ea,
564 2648 626 2703 quae
653 2638 815 2699 occurrant,
836 2647 902 2687 cum

113 2725 274 2785 salsissime
293 2724 352 2782 dici
371 2724 491 2800 possint,
506 2735 611 2783 tenere.
652 2724 753 2799 ltaque
772 2724 903 2783 nonnulli
918 2723 950 2773 25

114 2822 235 2881 ridiculi
250 2821 380 2879 homines
394 2821 451 2879 hoc
464 2821 557 2897 ipsum
571 2840 628 2879 non
649 2820 756 2878 insulse
770 2820 906 2897 interpre-

114 2929 224 2979 tentur.
265 2918 372 2977 Dicere
385 2918 462 2976 enim
483 2918 564 2977 aiunt
582 2917 718 2990 Ennium,
733 2924 751 2950 ‘⁴
762 2916 904 2975 flammant

115 3035 136 3077 a
150 3017 280 3095 sapiente
300 3015 415 3075 facilius
433 3033 484 3074 cre
497 3016 528 3074 in
542 3014 659 3073 ardente
673 3012 805 3091 opprimi,
818 3028 905 3089 quara
