2109 3417
114 243 171 314 14‘2
430 265 474 312 ne
496 241 664 312 orurronu.⁴
859 264 942 326 [nu.

156 413 268 486 viderit,
294 415 440 473 neminem
472 434 558 492 posse
591 415 699 486 dicere,
733 415 790 473 nisi
817 426 847 474 ct
873 416 942 491 quid

157 511 275 581 diceret,
289 521 319 568 et
338 513 442 586 quibus
462 513 566 583 verbis,
581 522 610 569 et
622 531 679 587 quo
700 513 801 570 ordine
821 513 941 584 diceret,

157 608 284 678 heberet,
299 618 327 664 et
341 627 375 665 ea
388 608 583 666 meminisset?
623 610 720 682 Atque
739 609 801 666 haec
815 629 869 684 ego
883 628 942 667 non

156 704 351 778 reprehendo:
372 705 422 761 sed
443 715 509 762 ante
522 705 624 765 oculos
637 705 730 780 posita
743 724 805 762 esse
819 705 896 776 dico,
912 715 944 762 ut

126 807 206 857 bene
234 800 302 857 item
328 811 464 875 quatuor„
485 801 622 875 quinque,
651 819 735 857 sexve
765 811 869 876 partes,
899 802 943 859 vel

157 897 243 954 etiem
258 906 366 972 septem
377 896 528 973 (quoninm
544 896 624 954 aliter
639 897 674 954 ab
686 897 748 953 aliis
759 897 942 976 digeruntur)

158 993 188 1051 in
202 1013 272 1068 quas
286 1003 329 1052 est
344 995 379 1050 ab
399 993 445 1049 his
464 993 558 1050 omnis
578 993 671 1050 oratio
691 993 851 1050 distributa.
893 993 945 1050 Ju-

157 1090 227 1146 bent
240 1090 316 1146 enim
335 1089 459 1146 exordiri
474 1089 523 1158 ita,
539 1099 569 1146 ut
583 1107 659 1158 eum,
674 1089 722 1163 qui
737 1090 843 1159 audiat,
859 1090 946 1148 bene·

158 1186 252 1243 volum
274 1186 357 1243 nobie
378 1185 526 1256 faciamus,
541 1195 570 1242 et
590 1185 723 1256 docilem,
738 1196 767 1242 et
786 1197 943 1244 attentum:

113 1291 144 1338 1⁰
158 1282 263 1339 deinde
286 1301 345 1338 rem
370 1300 495 1350 narrare,
519 1281 559 1339 ite
582 1292 613 1338 ut
635 1282 794 1338 verisimilis
817 1284 944 1340 narratio

158 1378 205 1450 sit,
226 1388 258 1435 ut
282 1388 387 1455 aperta,
409 1389 440 1435 ut
467 1367 576 1435 brevie:
604 1389 669 1453 post
696 1389 788 1436 autem
816 1379 945 1437 dividere

159 1493 285 1546 censam,
301 1486 349 1532 aut
361 1493 536 1550 proponere:
558 1485 656 1532 nostra
671 1476 838 1532 confirmare
861 1495 945 1552 argu-

158 1573 272 1643 mentis,
288 1591 322 1629 nc
336 1571 511 1628 rationibus:
533 1571 637 1628 deinde
652 1572 796 1628 contraria
809 1571 943 1630 refutare.

158 1667 237 1726 Tum
253 1679 346 1726 autern
362 1668 410 1726 alii
424 1668 641 1727 conclusionem
656 1667 804 1738 orationis,
819 1679 847 1724 et
862 1669 945 1743 quasi

114 1779 145 1829 15
158 1766 377 1841 perorationem,
399 1765 560 1822 collocant:
589 1751 637 1821 elii
658 1764 769 1837 jubent,
791 1774 945 1837 antequam

158 1872 317 1938 peroretur,
337 1860 458 1920 ornandi
480 1871 528 1917 aut
551 1859 674 1936 augendi
695 1859 792 1930 causi,
813 1859 943 1936 digredi;

159 1958 264 2016 deinde
283 1958 468 2028 concludere,
490 1975 525 2014 co
544 1975 685 2031 perorare.
733 1954 780 2012 Ne
801 1955 863 2013 haec
883 1956 946 2031 qui·

159 2053 224 2110 dem
238 2054 434 2129 reprehendo:
455 2063 521 2110 sunt
536 2053 610 2110 enim
626 2051 767 2110 concinne
781 2052 945 2124 distribute,

158 2148 209 2206 sed
228 2161 324 2206 tumen
346 2149 389 2224 (id
410 2149 486 2222 quod
507 2167 626 2206 necesse
648 2148 700 2204 fuit
720 2148 884 2205 hominibus
897 2167 946 2206 ex·

111 2256 144 2305 m
158 2245 286 2321 pertibus
306 2245 445 2323 veritatis)
467 2263 524 2302 non
546 2245 644 2320 perite.
684 2244 760 2305 Quae
781 2245 857 2301 enim
875 2264 946 2320 prae·

159 2351 243 2418 cepta
265 2340 466 2416 principiorum
491 2352 521 2398 et
545 2341 737 2398 narrationum
762 2359 825 2396 esse
849 2341 946 2397 volue-

158 2448 234 2510 runt,
255 2456 291 2495 en
310 2437 340 2494 in
360 2437 428 2494 totis
447 2438 626 2494 orationibus
647 2447 712 2492 sunt
738 2439 943 2496 conservanda.

158 2533 235 2592 Nem
249 2554 304 2610 ego
317 2533 388 2590 mihi
402 2535 570 2592 benevolum
582 2533 708 2610 judicem
721 2533 833 2590 facilius
849 2534 944 2591 facere

157 2649 274 2706 possum
302 2630 332 2686 in
359 2649 444 2687 cursu
472 2631 619 2699 orationis,
644 2649 728 2705 quarn
753 2649 818 2686 cnm
847 2631 945 2687 omnic

112 2735 144 2785 ὅ
158 2736 225 2784 nunt
245 2726 389 2796 inaudita3
418 2726 542 2782 docilem
563 2737 668 2796 eutem,
689 2745 746 2782 non
771 2745 836 2783 cum
864 2726 944 2800 poili·

158 2836 226 2881 ceor
245 2841 292 2880 me
312 2823 580 2894 demonstraturum,
601 2822 743 2891 sedtum,
764 2841 828 2880 curn
850 2821 944 2877 doceo

158 2929 188 2977 et
207 2919 344 2994 expiuno;
369 2928 508 2976 attentum
523 2937 606 2988 vero,
627 2919 729 2974 crebro
749 2917 808 2975 toti
828 2916 943 2974 actione

158 3015 317 3077 excitandis
336 3015 481 3074 mentibus
497 3013 640 3091 judicum,
653 3033 710 3072 non
730 3013 820 3090 primi
834 3012 945 3070 denun-
