2109 3417
132 274 171 332 74
453 281 496 328 nn
518 280 680 326 omronn.
893 281 963 340 [nr

179 429 256 487 Nam
275 430 299 487 si
320 439 395 487 esset
412 429 467 487 ista
486 430 616 507 cognitio
632 430 705 507 juris
725 449 830 507 magna
844 450 878 488 ao
892 431 965 488 diffi-

179 527 253 597 cilis,
274 536 368 583 tamen
391 526 521 583 utilitatis
548 527 715 603 magnitudo
736 527 853 585 deberet
873 528 964 585 homi·

178 641 231 679 nes
245 622 279 679 ad
294 622 506 697 suscipiendum
522 623 652 680 discendi
666 623 792 680 laborem
808 624 962 698 impellere.

180 719 247 788 Sed,
275 718 303 775 Ο
336 719 385 775 Dii
420 720 608 776 immortales!
643 738 702 776 non
735 719 860 776 dicerem
895 721 963 791 hoc,

146 814 313 873 baudiente
348 816 488 886 Soaevold,
522 816 578 871 nisi
616 816 676 891 ipse
713 815 810 872 dicere
846 816 963 887 soleret,

178 911 284 969 nullius
306 911 373 968 artis
394 911 551 968 faciliorem
571 911 626 967 sibi
646 911 840 987 cognitionem
861 912 962 969 videri.

178 1006 266 1068 Quod
288 1007 403 1081 quidem
424 1007 509 1087 certis
524 1008 560 1063 de
578 1007 673 1064 causis
687 1027 703 1063 a
715 1007 858 1082 plerisque
879 1008 963 1065 aliter

178 1102 371 1159 existimatur:
393 1102 524 1177 primum,
546 1102 614 1176 quia
634 1113 742 1159 veteres
764 1103 814 1174 illi,
829 1103 878 1177 qui
893 1103 963 1160 huic

178 1198 306 1255 scientiae
325 1198 508 1273 prefuerunt,
530 1198 692 1255 obtinendre
714 1209 797 1273 atque
822 1200 963 1275 augendae

132 1298 162 1347 10
177 1294 310 1369 potentine
343 1314 401 1351 suae
435 1296 533 1365 carrad,
562 1294 723 1370 pervulgari
757 1308 844 1352 artem
879 1315 963 1353 stram

177 1390 346 1460 nolueruut;
385 1390 499 1460 deinde,
537 1401 722 1465 posteaquam
760 1401 803 1447 est
840 1392 961 1463 editum,

177 1486 313 1561 expositis
327 1504 343 1543 a
357 1486 410 1543 Cn.
433 1486 533 1543 Flavio
554 1488 674 1562 primum
697 1488 867 1557 actionibus,
888 1489 962 1546 nulli

178 1582 301 1653 fuerunt,
329 1582 377 1657 qui
405 1583 453 1640 illa
481 1583 634 1640 artificiose
661 1583 770 1660 digesta
801 1585 960 1659 generatim

177 1688 390 1755 componerent.
439 1678 519 1735 Nihil
543 1689 585 1736 est
606 1679 693 1749 enim,
715 1679 789 1755 quod
812 1662 960 1751 ad'artem

130 1779 162 1829 15
177 1775 268 1852 redigi
290 1776 388 1851 possit,
403 1775 458 1831 nisi
481 1775 528 1833 ille
547 1775 634 1850 prius,
649 1777 697 1850 qui
717 1776 766 1832 illa
783 1786 870 1847 tenet,
891 1796 961 1850 quo·

176 1891 239 1929 rum
262 1883 349 1929 artem
375 1872 522 1955 instituere
548 1872 615 1939 vult,
634 1872 742 1929 ,habeat
765 1872 843 1929 illam
867 1874 961 1930 scien·

176 1969 255 2038 tiam,
277 1979 308 2024 ut
328 1988 363 2024 ex
383 1968 417 2025 iis
438 1969 532 2039 rebus,
554 1987 673 2042 quarum
695 1988 739 2025 ars
762 1971 889 2026 nondum
911 1971 958 2042 sit,

177 2074 265 2121 artein
286 2064 400 2120 efficere
419 2064 517 2138 possit.
559 2064 626 2121 Hoc
641 2065 734 2134 video,
748 2066 815 2121 dum
836 2067 960 2125 breviter

176 2157 313 2213 voluerim
335 2156 441 2226 dicere,
456 2157 565 2213 dictum
581 2175 597 2214 a
611 2177 656 2214 me
677 2178 739 2216 esse
758 2160 842 2234 poulo
857 2161 961 2217 obscu-

128 2263 159 2313 m
175 2253 251 2311 rius:
272 2253 323 2310 sed
343 2252 481 2328 experiar,
496 2263 524 2310 et
544 2253 649 2324 dicam,
664 2254 688 2311 si
707 2266 818 2331 potero,
835 2257 957 2331 planius.

213 2444 308 2502 XLII.
335 2445 443 2503 Omnia
462 2446 532 2517 fere,
552 2466 613 2522 que
634 2458 700 2504 sunt
721 2449 857 2506 conclusa
878 2468 957 2507 nunc

175 2542 292 2613 artibus,
313 2542 440 2617 dispersa
459 2553 488 2600 et
508 2544 644 2619 dissipata
660 2544 804 2619 quondam
826 2546 956 2619 fuerunt;

174 2648 206 2695 ut
233 2639 263 2695 in
290 2638 417 2708 musicis,
443 2640 553 2697 numeri
580 2650 610 2697 et
636 2660 722 2697 voces
749 2651 776 2697 et
803 2643 897 2711 modi;
926 2643 957 2699 in

174 2735 339 2811 geometrid,
354 2734 537 2804 lineamenta,
553 2735 658 2807 lormae,
675 2736 831 2807 intervalla,
848 2738 957 2812 magni-

126 2838 159 2891 25
173 2830 303 2901 tudines3
338 2832 366 2887 in
395 2832 555 2907 astrologid,
583 2832 648 2888 ooeli
680 2833 840 2903 conversio,
865 2841 956 2903 ortus,

173 2927 296 2999 obitus,'
316 2934 464 3004 motusque
501 2928 643 2997 siderum
670 2929 714 2985 'in
750 2927 955 3004 grammaticis,

173 3029 318 3104 poetarum
360 3026 553 3101 pertractatio,
594 3025 775 3083 historiarum
817 3024 955 3101 cognitio,
1039 3083 1040 3090 ,
