2109 3417
15 354 20 402 t
110 326 205 387 um]
392 327 436 373 ns
458 326 623 374 cursous.
886 314 945 377 tur·

16 527 17 564 l

15 625 18 662 1

110 485 180 547 tute,
199 473 317 546 honore,
337 474 506 552 ignominid,
532 474 659 551 premio,
682 473 777 551 peut,
798 471 897 531 simili·

110 570 220 647 busque
240 571 390 644 derebus,
411 572 441 629 in
468 582 618 645 utramque
643 582 752 647 partem
779 568 897 628 dicendi

16 725 17 728 ,
112 666 232 739 enimes,
246 669 355 740 etnim,
369 679 398 726 et
412 678 501 725 artem
515 668 621 725 habere
639 668 785 723 debemus.
826 663 897 736 Sed,

110 764 257 837 quoniam,
270 764 307 822 de
319 764 417 823 nostrd
429 763 611 840 possessione
632 760 753 837 depulsi,
767 761 797 818 in
810 779 898 836 parvo

110 870 141 917 et
153 877 188 917 eo
201 860 328 938 litigioso
340 860 476 935 prediolo
490 859 582 918 relicti
602 878 709 931 sumus,
724 867 763 928 ct,
777 858 897 917 oliorum
911 874 929 925 5

108 956 232 1033 patroni,
252 967 351 1015 nostra
374 967 474 1015 tenere
496 956 628 1031 tuerique
652 974 710 1013 non
734 953 880 1029 potuimus
887 973 896 1025 ς

110 1053 195 1112 chiis
209 1052 298 1130 (quod
319 1053 549 1130 indignissimum
570 1054 627 1132 est)
648 1052 697 1127 qui
718 1051 747 1109 in
768 1062 899 1109 nostrum

106 1150 312 1227 patrimonium
339 1151 511 1227 irruperunt,
536 1151 611 1225 quod
635 1169 707 1226 opus
732 1160 776 1207 est
802 1149 897 1223 nobis,

103 1258 281 1308 mutuemur.

143 1439 293 1499 XXVIIL
325 1439 435 1497 Dicunt
455 1438 540 1515 igitur
559 1457 638 1497 nunc
652 1438 767 1513 quidem
782 1440 832 1511 illi,
848 1440 897 1515 qui
912 1448 943 1497 10

103 1554 146 1595 ex
164 1537 305 1612 puticuld
324 1536 412 1611 porvd
432 1536 511 1593 urbis
525 1554 560 1592 ac
574 1535 632 1595 loci
652 1553 758 1593 nomen
779 1519 908 1607 habent(

110 1643 140 1691 et
158 1632 343 1711 Peripatetici
362 1633 521 1709 philosophi
544 1642 592 1689 aut
613 1630 784 1689 Academici
807 1630 898 1690 nomi·

108 1741 225 1800 nentur,
253 1728 334 1805 (olim
362 1740 466 1800 sutem,
493 1739 610 1804 propter
637 1727 771 1785 eximiam
801 1745 897 1785 rerum

109 1824 297 1885 munimntum
316 1824 477 1897 scientiam,
492 1824 633 1883 aGraecis
645 1823 756 1901 politici
772 1822 897 1899 philoso-

108 1921 159 2000 phi
189 1920 331 1998 uppellati‚
359 1923 555 1979 universarum
588 1939 683 1979 rerum
716 1920 945 1995 publicaturum

108 2017 226 2077 nomine
250 2018 439 2097 vocabantur)
462 2036 576 2076 ornnem
602 2017 716 2075 civilem
738 2016 896 2073 orationem

108 2114 140 2175 in
160 2116 263 2173 horum
283 2114 420 2172 alterutro
439 2133 546 2191 genere
566 2113 681 2184 versari,
704 2122 752 2169 aut
772 2111 896 2169 definitus

109 2210 310 2269 controversie
324 2211 411 2268 certio
420 2210 598 2285 temporibus
610 2209 719 2280 aereis,
731 2208 786 2267 hoc
796 2208 896 2267 modo:

108 2306 265 2365 Plucestno
284 2324 303 2364 s
321 2306 608 2383 Carthaginiensibus
629 2306 756 2380 captivos
775 2314 896 2377 nostros¹

107 2403 229 2463 redditis
241 2403 311 2474 suis,
324 2404 508 2479 recuperarit
531 2412 579 2459 aut
592 2402 702 2459 infinite
716 2402 751 2463 de
766 2402 897 2461 universo
913 2407 945 2459 tu

109 2516 217 2578 genere
240 2499 410 2573 querentis:
446 2498 529 2561 Quid
564 2498 682 2555 omnino
715 2498 751 2557 dc
784 2498 898 2573 captivo

109 2595 293 2661 stetrrendurn
317 2613 353 2651 nc
375 2594 556 2654 sentiendum
580 2593 636 2651 sitl
677 2580 778 2669 Atque
796 2594 898 2656 horum

109 2691 241 2767 superius
261 2690 330 2749 illud
352 2710 444 2767 geum
463 2709 580 2747 causam
602 2700 650 2747 tut
674 2691 897 2752 controversiam

109 2788 264 2865 appellent,
280 2806 402 2862 eumque
421 2787 523 2856 tribus,
539 2786 600 2857 lite,
616 2795 664 2844 cut
680 2786 896 2859 deliberatione,

110 2895 160 2945 sut
191 2884 367 2956 laudatione,
393 2883 550 2945 definiunt:
585 2882 647 2941 hec
681 2892 776 2941 autem
809 2883 899 2943 utero
913 2884 946 2935 ᾗ

110 2982 230 3059 paremio
257 2981 371 3043 infinite
395 2991 424 3039 et
447 2979 530 3056 quusi
550 2978 704 3055 proposita,
725 2978 898 3039 consultatio

109 3079 284 3152 mut-our,
299 3088 384 3155 utque
397 3079 538 3138 moesus
551 3076 714 3151 loquuntur.
