2109 3417
121 274 215 335 aua]
404 276 448 323 na
468 274 632 324 oaauoaa.
897 258 954 325 tta

121 432 152 482 te
164 440 276 499 semper
293 427 383 483 etiam
401 425 513 502 potiora
532 426 734 500 dumosaque
748 424 784 483 ad
797 422 908 499 sapies·

122 521 192 578 tiam
225 532 396 596 spectarent,
424 533 509 598 atque
537 540 573 580 ex
605 523 650 579 his
682 520 758 579 hano
790 519 906 579 dioendi

121 618 235 693 sopiam
251 618 372 681 fluxisse.
413 620 472 677 Sed
486 629 592 691 tamen,
607 636 673 677 eam
688 632 788 677 omnes
801 618 907 695 gradus

121 716 213 773 utaris
238 716 374 772 recordor
399 726 467 787 ture,
494 734 616 792 eumque
643 716 728 774 vitam
760 726 838 773 tuam
872 732 907 772 ao

121 812 217 869 studia
235 812 402 882 oonsider03
422 830 525 887 neque,
540 830 597 887 quo
617 822 744 887 tempore
765 812 818 869 ista
836 810 938 867 didi-s

121 908 206 978 neris,
233 908 326 979 rideo,
353 928 409 973 neo
435 926 609 985 magnopere
641 918 670 965 te
703 908 765 965 istis
793 906 905 979 studiis,

119 1003 293 1076 homiuibus,
314 1004 403 1075 libris,
424 1004 555 1081 intelligo
582 1004 725 1073 deditum
753 1020 845 1079 aeque
865 1012 906 1061 ta·

119 1116 186 1155 rnen
200 1116 316 1173 possum
328 1108 462 1169 statuere,
477 1107 571 1155 utrum
591 1098 683 1175 magis
694 1098 790 1169 mirer,
803 1109 832 1155 te
846 1096 905 1168 illa,

119 1210 183 1265 qum
209 1191 280 1249 mihi
305 1192 460 1266 persuades
492 1192 616 1250 maxima
642 1210 705 1249 esse
730 1190 904 1268 adjumenta,

119 1287 248 1361 potuisse
261 1287 291 1345 in
300 1287 362 1345 auis
375 1288 462 1343 tantis
476 1287 713 1362 occupationibus
726 1288 904 1363 perdiscer03
920 1296 952 1345 10

121 1401 169 1453 an,
182 1383 207 1440 si
220 1402 278 1439 uon
292 1383 429 1458 potueris,
443 1401 526 1457 posse
540 1383 595 1440 isto
610 1383 695 1439 modo
708 1382 812 1439 diuers.

161 1478 221 1537 Hte
233 1480 364 1551 Crassus,
380 1479 447 1536 Hoo
461 1479 523 1549 tibi,
538 1478 639 1553 iuquit,
655 1478 768 1549 Catule,
781 1478 906 1553 primum

120 1575 293 1650 persuadeas
313 1576 406 1646 velim,
428 1593 552 1633 menon
574 1575 666 1631 multo
690 1592 773 1630 seous
800 1573 905 1644 faeere,

121 1690 188 1729 oum
208 1670 244 1728 de
264 1683 374 1730 oratore
395 1672 548 1747 disputem,
569 1690 603 1729 so
625 1670 759 1741 facerem,
780 1668 805 1727 si
830 1678 906 1727 esset

121 1766 193 1826 mihi
217 1767 253 1823 de
276 1767 414 1825 histrione
437 1767 601 1826 dicendum.
647 1767 793 1843 Negarem
817 1764 952 1837 enim,15

119 1883 204 1940 posse
222 1882 289 1920 eum
309 1864 473 1922 satisfacere
492 1864 522 1921 iu
542 1874 635 1940 gestu,
655 1864 711 1921 nisi
734 1862 904 1938 palestram,

120 1959 178 2017 uisi
197 1959 301 2017 saltare
321 1959 484 2017 didicisset:
505 1978 608 2034 neque,
627 1978 662 2017 ea
682 1976 748 2016 eum
768 1958 905 2031 dicerem,

120 2073 168 2111 me
187 2072 251 2111 esse
271 2053 439 2111 histrionem
464 2048 585 2111 neeesse
611 2064 695 2125 esset,
716 2054 766 2110 sed
787 2053 906 2111 fortasse

121 2166 180 2206 nou
193 2149 310 2207 stultum
326 2148 410 2205 alieni
426 2148 539 2206 artificii
552 2147 780 2205 existimatorem.
823 2146 907 2204 Simi-

120 2241 186 2299 liter
211 2260 290 2299 nuno
314 2243 351 2299 de
377 2252 615 2313 oratore,‘vestro
642 2240 775 2316 impulsu,
796 2241 905 2316 loquor,
921 2249 954 2299 20

120 2354 233 2396 summo
257 2338 385 2395 soilioet:
412 2357 525 2413 semper
551 2337 638 2407 enim,
665 2337 844 2413 qudoumque
871 2337 907 2393 de

123 2442 183 2490 arte
197 2443 246 2489 aut
260 2433 394 2491 saoultate
407 2434 552 2509 queritur,
565 2433 600 2491 de
616 2433 744 2490 absoluta
759 2444 787 2490 et
799 2433 908 2509 perfee-

121 2529 153 2587 ta
173 2528 262 2603 queri
282 2529 362 2587 solet.
412 2531 524 2600 Quare,
545 2530 569 2585 si
588 2529 645 2605 jam
667 2547 713 2587 me
733 2530 818 2588 vultis
843 2546 907 2587 esse

120 2635 275 2695 oratorem,
289 2624 314 2681 si
327 2626 412 2682 etiam
427 2635 470 2682 sat
484 2626 602 2696 bouum,
613 2626 638 2682 si
652 2626 757 2682 bonum
774 2625 906 2702 danique,

120 2740 181 2779 nou
200 2722 384 2797 repugnabo:
412 2720 481 2795 quid
500 2721 577 2777 enim
598 2739 676 2778 nuno
701 2722 754 2778 sim
775 2720 906 2797 ineptusi
922 2732 955 2783 ᾖ

120 2819 163 2879 its
176 2837 222 2875 me
235 2817 392 2879 existimari
405 2817 475 2875 saio.
514 2816 605 2878 Quod
620 2818 643 2874 si
658 2818 698 2875 ita
713 2828 766 2889 est,
780 2836 907 2877 summus

120 2925 217 2974 tamen
239 2924 317 2972 oerte
337 2932 396 2971 noa
409 2911 481 2973 sum.
522 2912 626 2989 Neque
639 2914 716 2973 euim
731 2912 804 2991 apud
818 2913 908 2971 horai·
