2109 3417
21 342 25 388 Ι
115 316 202 376 nm]
393 316 437 362 nn
459 315 622 362 onanonn
885 305 941 366 167
998 304 1003 316 “

22 518 23 545 ,
114 474 158 522 tur
167 465 188 544 z]
210 463 315 521 deinde
332 463 482 536 dubitatio,
496 475 557 522 turn
572 463 745 536 distributio,
759 473 820 521 tum
834 480 896 520 oor·

115 562 212 632 rectio,
233 561 277 618 rel
298 573 374 632 ante,
394 561 438 617 vel
458 571 608 636 postquam
629 560 744 632 dixeris,
764 560 808 617 vel
828 579 895 618 cnm

22 720 23 723 Ἴ
116 657 218 731 aliquid
240 668 304 714 ate
324 657 385 733 ipse
404 657 542 733 rejicias:'
556 657 736 732 praemunitio
753 666 796 714 eet
810 655 896 714 etiarn

116 753 149 808 ad
172 753 211 824 id,
232 753 308 828 quod
331 753 506 830 aggrediare,
527 762 557 809 et
578 753 707 828 trajectio
734 752 763 809 in
791 751 894 810 alium:

114 848 345 919 communicatio,
359 868 422 923 qum
440 859 483 905 est
500 848 582 923 quasi
597 846 663 905 ou'm
678 848 714 905 iis
726 848 804 923 ipsis,
820 847 893 923 apud
911 854 927 902 5

113 963 181 1018 quos
194 945 284 1017 dicas,
298 945 483 1002 deliberatio:
504 963 616 1000 morum
636 963 670 1002 ao
683 944 753 1002 vitae'
762 943 894 1016 imitatio,

112 1040 154 1097 vel
172 1041 202 1098 in
215 1041 354 1116 personis,
369 1041 412 1098 rel
432 1041 496 1097 sine
516 1040 582 1112 illis,
596 1059 731 1117 magnum
752 1041 895 1114 quoddam

111 1147 308 1194 omamentnm
329 1137 475 1207 orationis,
490 1146 519 1193 et
537 1146 633 1212 aptum
653 1136 688 1192 ad
704 1136 813 1194 animoa
827 1155 896 1195 oon·

112 1232 251 1288 ciliandos
263 1232 307 1288 vel
321 1232 454 1302 maxime,
468 1249 544 1305 sepe
559 1241 652 1288 autem
667 1231 753 1290 etiam
769 1233 803 1289 ad
818 1251 895 1290 com-

111 1328 280 1384 movendos:
296 1326 557 1403 personarumficta
565 1325 705 1397 inductio,
714 1327 757 1384 vel
767 1327 896 1404 gravissi·
912 1334 942 1384 10

110 1440 188 1479 mum
198 1422 296 1479 lumen
307 1421 447 1498 augendi;
466 1421 631 1496 descriptio,
640 1422 743 1479 erroris
755 1422 894 1499 inductio,

111 1517 146 1574 ad
156 1517 325 1574 bilaritatem
334 1517 484 1592 impulsio:
500 1526 566 1574 ante
580 1517 748 1591 occupatio:
764 1527 825 1576 tum
837 1520 895 1576 duo

110 1613 168 1684 illa,
177 1632 240 1689 qnoe
250 1614 373 1670 maxime
383 1622 507 1684 movent,
517 1612 714 1671 similitudo'et
724 1613 893 1690 exemplum,

108 1709 241 1786 digestio,-
257 1709 456 1786 interpellatio,
471 1709 629 1780 contentio,
644 1707 804 1781 reticentia,
819 1727 896 1767 eom·

107 1806 263 1878 mendatio,
275 1825 329 1864 vox
340 1807 469 1882 quaedam
477 1806 578 1877 libera,
589 1814 674 1880 atque
681 1805 768 1862 etiam
777 1806 896 1864 effrena·
911 1815 942 1864 15

106 1902 159 1974 tio,
169 1902 293 1980 augendi
303 1903 409 1960 causa:
424 1901 583 1974 iracundia,
596 1900 767 1978 objurgatio,
778 1903 895 1978 promis·

105 2000 161 2071 sio,
182 1999 357 2075 deprecatio,
380 1997 555 2070 obsecratio,¹
574 1997 730 2056 declinatio
758 1999 852 2057 brevis
879 2019 896 2059 a

104 2096 262 2172 proposito,
273 2113 332 2152 non
343 2105 376 2152 ut
386 2094 515 2170 superior
525 2095 575 2152 illa
585 2094 740 2171 degressio,
750 2096 896 2173 purgatio,

104 2191 280 2263 conciliatio,
294 2190 383 2262 laesio,
398 2187 516 2266 optatio,
532 2199 616 2264 atque
629 2191 797 2249 exsecratio.
838 2191 897 2252 His

105 2286 168 2343 fere
179 2287 337 2346 luminibus
350 2287 493 2345 illustrant
505 2286 665 2345 orationem
679 2287 837 2349 sententia⁴
910 2301 942 2352 20

145 2478 222 2538 LIV.
256 2480 405 2539 Orationis
421 2491 517 2539 antem
535 2479 634 2556 ipsius,
647 2491 784 2556 tanquam
803 2501 893 2541 armo-

102 2593 181 2647 rum,
194 2586 238 2634 est
251 2577 294 2634 vel
309 2577 345 2634 ad
358 2596 443 2635 usum
453 2577 640 2635 comminatio
650 2578 770 2652 etquesi
780 2579 892 2654 petitio,

73 2678 77 2682 '
100 2671 149 2730 vel
166 2672 201 2729 ad
215 2682 393 2732 venustatem
406 2674 469 2749 ipsa
483 2673 627 2731 tractatio.
669 2672 746 2732 Nam
760 2685 789 2732 et
805 2675 894 2752 gemi-

98 2769 188 2828 natio
211 2769 363 2826 verborum
390 2769 476 2827 habet
502 2769 645 2829 interdum
671 2770 739 2844 vim,
766 2772 892 2848 leporem

99 2865 191 2936 alias;
215 2874 244 2922 et
263 2865 381 2941 paulum
401 2865 581 2922 immutatum
602 2866 719 2924 verbum
740 2876 824 2942 atque
845 2867 893 2924 de-
906 2871 953 2922 25·

98 2962 220 3034 flexum,
237 2973 274 3020 'et
297 2963 425 3039 ejusdem
444 2962 524 3020 verbi
551 2963 652 3021 crebra
677 2972 738 3021 tum
760 2983 777 3021 a
798 2962 892 3039 primo

98 3059 247 3137 repetitio,
274 3069 336 3119 tum
369 3060 400 3120 in
428 3070 588 3120 amomum
615 3060 773 3136 conversio,
799 3068 830 3118 et
860 3058 892 3118 in
