2109 3417
102 299 187 360 nu]
388 296 431 347 nu
453 297 616 347 onauonu.
817 309 823 322 ’
880 279 935 349 lta

103 447 225 506 dentur:
253 447 330 524 quod
355 448 434 506 euim
461 446 516 523 ipsi
542 444 652 523 experti
678 463 738 504 non
765 453 841 517 sunt,
863 443 893 503 id

103 545 212 603 doeeut
231 554 352 603 eeteros.
394 545 452 602 Sed
472 543 529 602 hoo
543 544 639 601 minus
653 543 772 600 fortusse
785 551 891 613 errant,

104 642 181 716 quod
208 659 265 700 nou
288 652 328 713 te,
349 652 381 699 ut
409 640 613 713 Hannibalem,
635 640 685 698 sed
711 656 816 715 pueros
843 647 892 698 aut

104 736 344 812 odolesoentulos,
358 738 465 796 dooere
478 747 629 796 conantur.

143 930 231 988 XIX.
262 929 360 1002 Erras,
380 929 494 1001 Catule,
516 930 609 1005 inquit
632 929 795 988 Antonius:
822 938 922 988 namo
1013 943 1022 962 ¹

103 1037 220 1104 egomet
232 1027 262 1084 in
276 1028 382 1084 multos
398 1027 457 1103 jam
471 1027 660 1084 Phormiones
674 1026 772 1084 incidi.
812 1022 890 1088 Qui·

103 1124 182 1181 enim
215 1133 259 1181 est
291 1123 410 1182 istorum
442 1123 622 1194 Graecorum,
646 1123 695 1197 qui
728 1139 891 1198 quenquam

103 1219 234 1277 nostrum
254 1219 409 1294 quidquam
429 1218 591 1295 intelligere
619 1218 790 1276 arbitretur?
842 1218 891 1276 Ao

103 1315 176 1372 mihi
196 1315 311 1390 quidem
331 1333 390 1372 uon
404 1315 445 1372 ita
458 1315 571 1374 molesti
585 1323 651 1372 sunt
660 1335 667 1386 ;
689 1315 774 1372 saoile
790 1331 891 1372 omnes

102 1412 248 1488 perpetior
268 1421 297 1468 et
315 1412 445 1487 persero:
472 1392 539 1469 nam
556 1421 609 1468 *aut
630 1411 737 1486 aliquid
758 1411 889 1483 afferunt,
905 1413 937 1464 10

104 1508 183 1583 quod
203 1507 274 1563 mihi
294 1525 353 1564 non
373 1507 540 1582 displiceam
566 1516 615 1564 aut
634 1507 772 1578 efficiunt,
793 1515 825 1564 ut
844 1523 892 1564 ms

103 1621 165 1662 nou
185 1603 322 1661 didicisse
341 1604 437 1660 miuus
456 1605 602 1679 paeniteat.
653 1601 775 1661 Dimitto
795 1611 891 1661 autern

100 1712 156 1758 'eos
174 1709 311 1758 nontam
339 1700 557 1771 oontumelioee,
579 1717 664 1775 quum
690 1699 890 1776 philosophum

104 1794 187 1854 illum
209 1795 372 1866 Hennibnl;
392 1806 422 1853 et
435 1810 470 1854 eo
485 1797 603 1854 fortasse
616 1796 681 1872 plus
695 1796 786 1853 habeo
803 1794 890 1852 etiam

104 1892 232 1970 negotii:
253 1892 303 1949 sed
316 1902 411 1950 tamen
426 1903 469 1950 est
483 1909 582 1950 eorum
597 1893 738 1964 doctrina,
753 1900 889 1967 quantum
906 1891 937 1941 15

104 2008 162 2064 ego
192 1988 323 2065 judicare
354 2005 481 2066 possum,
514 1988 697 2065 perridicula.
751 1985 891 2046 Dividunt

104 2084 184 2142 enim
204 2094 293 2141 totam
313 2102 373 2141 rem
395 2084 424 2141 in
445 2084 517 2141 duas
537 2094 641 2159 partes,
658 2084 687 2140 in
708 2103 802 2142 cause
823 2101 891 2140 eon·

103 2179 282 2250 novennium,
295 2191 325 2237 et
341 2180 371 2238 iu
389 2180 561 2256 quaestionis.
603 2180 727 2238 Causam
750 2180 891 2256 appellant

104 2295 166 2334 rem
187 2277 308 2350 positum
330 2277 359 2333 in
381 2276 588 2351 disceptatione
615 2295 708 2334 rerum
730 2287 758 2334 et
779 2287 893 2334 oontro·

105 2371 215 2441 versiai3
242 2372 428 2446 questionem
450 2383 555 2444 autem,
576 2391 636 2429 rem
656 2373 777 2448 positam
800 2373 829 2428 in
850 2371 891 2428 in·
905 2379 937 2430 2⁰

105 2467 189 2525 finitis
203 2467 389 2525 dubitatione.
431 2467 477 2524 De
490 2468 579 2525 ouusd
592 2478 735 2544 praeoepta
748 2468 833 2537 dant;
854 2468 891 2525 de

107 2563 197 2620 alteri
210 2572 289 2639 parte
303 2563 418 2621 dieendi
433 2562 537 2620 mirum
552 2564 695 2621 silentium
711 2574 762 2622 est.
803 2563 891 2622 Deni-

106 2677 164 2734 que
182 2659 308 2734 quinque
328 2659 437 2716 iaoiunt
457 2659 538 2734 quasi
558 2661 687 2718 membra
710 2660 890 2735 eloquentie,

106 2755 237 2812 invenire
263 2755 332 2830 quid
355 2755 446 2826 dicas,
467 2756 583 2814 inventu
605 2756 766 2832 disponere,
788 2756 892 2813 deinde

106 2869 210 2908 ornare
229 2851 333 2923 verbis,
353 2861 419 2927 post
437 2853 583 2910 memoriae
607 2853 753 2924 mandare,
773 2862 833 2910 tum
856 2851 891 2909 ud
906 2861 938 2910 25

104 2959 264 3006 extremum
286 2967 372 3026 ugere
393 2965 428 3006 ao
446 2949 649 3024 pronuntiare:
670 2965 730 3006 rem
745 2967 813 3007 sane
833 2965 892 3005 non
960 2961 962 2969 ’

106 3043 295 3104 reconditam.
348 3043 427 3106 Quis
449 3045 526 3104 enim
551 3045 608 3104 hoo
633 3061 692 3102 nou
713 3043 767 3103 sud
791 3050 893 3120 sponte
