2109 3417
119 253 191 313 nr]
403 252 446 301 nn
470 253 633 301 oniroan.
866 236 868 243 '
912 240 954 303 85
1029 285 1034 293 .

119 400 215 477 oipem
243 400 332 473 illum,
352 411 382 462 et
401 400 450 459 Ti.
477 401 644 459 Gracchum
670 410 790 476 putrem,
809 409 839 457 et
863 398 904 462 Q.

121 496 281 571 Metellum,
303 508 331 555 et
358 498 389 555 P.
411 498 593 569 Africanum,
614 508 643 554 et
670 497 704 553 C.
726 496 856 568 Laelium,
877 506 907 553 et

121 594 344 653 innumerabiles
366 594 444 665 alios,
459 614 524 660 oum
539 614 574 651 err
588 595 686 651 nostri
706 594 831 664 civitate,
845 604 906 651 turn

121 705 157 749 ex
184 690 295 749 ceteris.
350 691 402 747 Sin
437 700 531 747 autern
564 700 747 765 quaereretur,
776 690 906 764 quisnam

117 785 340 863 jurisconsultus
363 805 428 843 vere
448 787 660 856 nominaretur;
682 805 748 843 eum
769 786 939 857 dioerem,5

121 881 171 957 qui
190 881 298 961 legum,
312 893 340 939 et
361 882 578 939 consuetudinis
598 883 659 959 ejus
680 883 737 957 qud
756 882 858 957 privati
876 882 907 939 in

121 978 238 1035 civitate
263 988 418 1048 uterentur,
442 990 471 1038 et
495 978 530 1035 ad
554 978 795 1055 respondendum,
818 989 847 1035 et
871 977 907 1035 ad

115 1057 316 1143 scribendum,
337 1084 366 1131 et
387 1075 422 1131 ad
443 1075 614 1145 cavendum,
633 1075 742 1150 peritus
763 1084 853 1144 esset;
878 1084 908 1132 et

121 1189 159 1227 ex
185 1188 221 1227 eo
247 1188 352 1246 genere
380 1170 446 1227 Sera
471 1170 592 1241 AEliurn,
607 1168 660 1227 Μ’
688 1170 852 1243 Manilium,
873 1169 906 1229 P.

122 1265 256 1325 Mucium
269 1266 455 1325 nominarem.
924 1274 955 1326 10

161 1458 274 1517 XLIX.
297 1459 402 1535 Atque,
414 1468 445 1515 ut
456 1459 514 1535 jam
527 1459 563 1516 ad
576 1459 798 1522 levioraartium
812 1460 909 1519 studia

121 1555 247 1627 veniam,
271 1555 295 1611 si
322 1555 459 1625 musicus,
483 1555 506 1612 si
533 1556 747 1633 grammaticus,
771 1557 795 1613 si
821 1561 909 1631 poeta

121 1662 275 1727 quaeratur,
289 1650 395 1728 possim
410 1651 539 1709 similiter
560 1650 712 1725 explicare,
726 1651 795 1725 quid
809 1669 908 1707 eorum

124 1747 244 1821 quisque
264 1746 438 1823 profiteatur,
460 1756 489 1803 et
502 1765 559 1821 quo
579 1765 637 1803 non
659 1746 779 1821 amplius
794 1747 829 1802 ab
842 1764 910 1821 quo·

123 1861 179 1917 que
194 1842 230 1899 sit
243 1842 455 1919 postulandum.
496 1840 660 1917 Philosophi
674 1841 796 1915 denique
811 1841 908 1917 ipsius,
925 1848 956 1897 15

123 1938 173 2015 qui
198 1937 233 1995 de
258 1938 310 1995 sui
333 1938 360 1995 vi
385 1936 584 2015 arr-sapientiai
608 1956 682 1996 nnus
709 1938 805 1994 omnia
829 1957 909 2013 paene

123 2034 281 2117 profitetur,
300 2045 343 2094 est
363 2044 459 2091 tamen
482 2032 611 2107 quaedam
633 2033 798 2108 descriptio,
822 2044 853 2091 ut
874 2033 908 2105 is,

123 2132 173 2207 qui
200 2130 312 2204 studeat
340 2130 469 2190 omnium
503 2148 598 2188 rerum
630 2129 790 2188 divinarum
824 2141 909 2205 atque

124 2227 313 2287 humanarum
335 2226 402 2297 vim,
423 2236 563 2297 naturam,
584 2244 740 2306 causasque
764 2225 859 2297 ndsse,
879 2237 908 2284 et

124 2342 240 2381 ornnem
251 2324 324 2381 bene
335 2322 447 2380 vivendi
459 2322 598 2379 rationem
613 2332 710 2379 tenere
723 2332 751 2379 et
765 2323 906 2398 persequi,
924 2330 957 2379 20

124 2420 241 2482 nomine
261 2419 317 2475 hoo
338 2418 501 2494 appelletur.
543 2417 694 2475 Oratorem
716 2429 820 2490 autern,
841 2438 909 2494 quo·

125 2516 203 2575 niam
224 2515 260 2573 de
280 2533 315 2571 eo
335 2514 497 2589 quaerirnns,
514 2514 647 2594 equidem
667 2533 724 2572 non
745 2514 820 2571 facio
840 2534 909 2575 eun·

126 2612 202 2683 dem,
216 2630 300 2687 quem
321 2610 457 2681 Crassus;
479 2609 527 2684 qui
548 2610 618 2667 milri
634 2610 710 2667 visus
730 2621 774 2688 est
793 2630 907 2671 omnem

126 2706 255 2765 omnium
275 2726 369 2764 rerum
390 2716 474 2781 atque
495 2706 598 2763 artium
618 2706 768 2764 seientiam
783 2726 909 2784 compre·

126 2804 252 2862 bendere
272 2822 329 2861 uno
350 2802 470 2861 oratoris
493 2802 589 2859 offioio
610 2802 797 2860 nonomine:
825 2814 908 2879 atque
923 2816 956 2863 25

117 2920 193 2987 'eum
215 2909 286 2977 puto
309 2918 381 2971 esse,
396 2899 445 2975 qui
459 2898 553 2956 verbis
567 2898 602 2956 ad
617 2898 790 2956 audiendum
805 2898 909 2975 jucun·

126 2997 181 3077 dia,
199 3006 230 3057 et
251 2995 401 3055 sententiis
425 2994 459 3054 ad
482 2978 662 3073 probandum
686 2993 910 3053 acoommodutis

331 3108 336 3121 .
364 3092 384 3151 Β
458 3130 463 3140 ,
492 3106 494 3111 ,
