2109 3417
102 313 185 374 an]
384 311 428 359 na
449 311 613 360 carnosa.
758 391 762 426 ‘
878 299 935 360 167

44 533 47 537 Ι
102 477 186 535 equo
199 459 296 518 animo
309 460 382 517 seret
394 459 511 529 ciritas3
533 479 606 536 quae,
621 459 644 516 si
660 477 730 517 voce
744 458 777 517 L.
792 457 890 517 Crassi

103 557 222 627 carebit,
235 557 404 614 ornametito
424 557 547 632 quodam
568 575 631 612 sose
649 556 795 632 spoliatam
810 566 890 632 puta·

103 652 153 710 bit.
194 652 281 724 Nam,
296 653 403 724 bercle,
419 652 512 727 inquit
532 651 687 724 Antonius,
702 652 725 709 si
746 651 808 709 haic
823 669 890 709 vere

105 767 122 806 a
141 747 245 806 Catulo
263 749 342 806 dicta
361 759 437 820 sunt,
459 748 511 805 tibi
540 767 653 806 mecum
674 748 704 805 in
724 748 825 805 eodem
846 757 890 804 est

102 844 234 919 pistrino,
249 845 362 916 Crasso,
377 845 546 902 vivendum:
568 854 597 900 et
618 844 699 901 istam
721 845 889 902 oscitantem
904 845 921 894 5

103 949 134 996 et
145 939 345 997 dormitantem
365 940 535 1016 sapientiam
556 941 747 998 Scmvolarum
768 950 797 997 et
815 950 890 996 cete-

103 1053 199 1093 rorum
220 1037 366 1094 beatorum
386 1036 447 1094 otio
467 1035 670 1094 concedamus.
715 1035 821 1094 Arrisit
840 1035 890 1093 hic

103 1130 226 1188 Crassus
238 1131 357 1201 leniter3
378 1142 417 1202 et,
431 1131 552 1189 Pertexe
572 1131 668 1203 modo,
683 1131 784 1208 inquit,
799 1132 890 1188 Anto·

102 1226 145 1295 ni,
168 1228 244 1302 quod
271 1246 388 1285 exorsus
413 1246 461 1284 es:
497 1245 543 1284 me
565 1238 662 1284 tamen
687 1228 741 1286 ista
763 1228 889 1286 oscitans

102 1323 253 1398 sapientia,
280 1323 364 1381 simul
392 1333 477 1398 atque
504 1324 539 1381 ad
566 1342 630 1382 eom
662 1324 831 1401 confugero,
858 1323 888 1381 in
906 1332 937 1381 1⁰

102 1419 263 1477 libertatem
276 1419 442 1479 vindicabit

142 1610 286 1670 XXXIV.
318 1611 413 1689 Hujus
429 1613 558 1688 ¹quidem
591 1612 658 1683 loci,
686 1631 770 1687 quem
804 1613 890 1670 modo

103 1725 166 1783 sum
181 1727 308 1780 exorsus,
324 1708 373 1766 bic
385 1719 429 1766 est
442 1709 518 1780 linis,
532 1709 625 1784 inquit
640 1708 800 1766 Antonius:
822 1727 891 1782 quo·

102 1804 182 1862 niam
207 1804 387 1882 intelligitur,
411 1824 470 1862 non
497 1805 527 1862 in
554 1804 702 1861 hominum
730 1805 889 1861 innumera-

103 1899 209 1958 bilibus
238 1901 378 1976 personis,
405 1919 500 1976 neque
526 1901 556 1958 in
585 1900 695 1957 infinita
729 1907 937 1976 temporum15

102 1995 249 2067 varietate,
267 1996 317 2054 sed
338 1997 369 2054 in
389 2016 526 2074 generum
549 1996 644 2054 causis
665 2007 749 2072 atque
769 1998 889 2068 naturis,

55 2139 59 2150 .
101 2092 201 2152 omnia
226 2093 281 2150 sita
306 2111 380 2164 esse,
406 2111 469 2168 quae
497 2093 527 2150 in
554 2093 672 2150 dubium
702 2104 888 2166 vocarentur3

101 2206 211 2266 genera
231 2199 325 2247 autem
345 2207 408 2246 esse
429 2189 555 2261 delinita,
570 2207 628 2246 non
650 2189 740 2246 solum
760 2208 889 2262 numero,

102 2284 155 2341 sed
169 2284 256 2342 etiam
270 2285 432 2360 paucitate;
453 2295 486 2342 ut
499 2302 563 2342 eam
578 2285 726 2342 materiem
741 2286 888 2358 orationis,

101 2399 166 2456 que
186 2381 324 2457 cujusque
344 2391 419 2438 esset
440 2381 564 2458 generis,
585 2380 706 2437 studiosi
726 2381 774 2456 qni
795 2393 889 2438 essent
904 2393 936 2444 a)

102 2476 230 2548 dicendi,
251 2476 385 2535 omuibus
408 2477 480 2534 locis
506 2477 690 2552 descriptam,
712 2477 889 2550 instructam,

100 2580 288 2648 ornatamque
306 2573 591 2649 comprehenderent,
606 2573 691 2630 rebus
705 2573 772 2630 dico
785 2584 814 2631 et
828 2593 891 2632 sen-

102 2668 211 2754 tentiis.
252 2668 303 2726 Ere
322 2669 350 2727 ri
370 2670 423 2727 sud
443 2671 528 2727 rerba
547 2669 668 2746 parient,
689 2689 752 2744 quaa
779 2689 890 2747 semper

102 2765 173 2823 satis
192 2777 293 2822 omata
311 2765 382 2823 mibi
406 2765 521 2841 quidem
542 2766 631 2823 videri
652 2765 752 2838 solent,
773 2765 798 2822 si
818 2767 891 2844 ejus-

101 2861 182 2920 modi
196 2871 272 2932 sunt,
283 2872 316 2918 ut
326 2880 361 2918 aa
370 2881 416 2920 res
426 2862 488 2937 ipsa
499 2862 643 2937 peperisse
655 2861 791 2920 rideatur.
834 2863 890 2934 Ac,
904 2863 937 2922 ὕ

102 2957 246 3014 siveram
267 2957 402 3032 qnaeritis,
422 2957 498 3033 quod
522 2955 594 3014 milri
616 2956 734 3032 quidem
750 2957 889 3026 rideatur,

103 3049 191 3130 (nibil
205 3053 282 3112 enirn
305 3051 382 3111 uliud
402 3053 543 3112 affirmare
560 3069 687 3132 possum,
701 3052 758 3112 nisi
777 3059 890 3110 waten-
