<?xml version="1.0" encoding="UTF-8"?>
<!DOCTYPE html PUBLIC "-//W3C//DTD XHTML 1.0 Transitional//EN"
    "http://www.w3.org/TR/xhtml1/DTD/xhtml1-transitional.dtd">
<html xmlns="http://www.w3.org/1999/xhtml" xml:lang="en" lang="en">
 <head>
  <title>
</title>
<meta http-equiv="Content-Type" content="text/html;charset=utf-8" />
  <meta name='ocr-system' content='tesseract 3.04.00' />
  <meta name='ocr-capabilities' content='ocr_page ocr_carea ocr_par ocr_line ocrx_word'/>
</head>
<body>
  <div class='ocr_page' id='page_1' title='image "./mtciceronisadqu00dillgoog_0371.png"; bbox 0 0 2109 3417; ppageno 0'>
   <div class='ocr_carea' id='block_1_1' title="bbox 114 304 944 391">
    <p class='ocr_par' dir='ltr' id='par_1_1' title="bbox 114 304 944 391">
     <span class='ocr_line' id='line_1_1' title="bbox 114 304 944 391; baseline -0.011 -13"><span class='ocrx_word' id='word_1_1' title='bbox 114 332 206 391; x_wconf 73' lang='lat' dir='ltr'>nnn]</span> <span class='ocrx_word' id='word_1_2' title='bbox 319 304 322 315; x_wconf 82' lang='lat'>&#39;</span> <span class='ocrx_word' id='word_1_3' title='bbox 398 332 438 377; x_wconf 82' lang='lat' dir='ltr'>ou</span> <span class='ocrx_word' id='word_1_4' title='bbox 460 329 622 377; x_wconf 75' lang='lat' dir='ltr'>onrrons.</span> <span class='ocrx_word' id='word_1_5' title='bbox 887 310 944 369; x_wconf 77' lang='grc'>143</span> 
     </span>
    </p>
   </div>
   <div class='ocr_carea' id='block_1_2' title="bbox 111 477 925 1224">
    <p class='ocr_par' dir='ltr' id='par_1_2' title="bbox 111 477 925 1224">
     <span class='ocr_line' id='line_1_2' title="bbox 113 477 896 554; baseline -0.004 -19"><span class='ocrx_word' id='word_1_6' title='bbox 113 498 208 554; x_wconf 89' lang='lat' dir='ltr'>neque</span> <span class='ocrx_word' id='word_1_7' title='bbox 242 478 425 536; x_wconf 80' lang='lat' dir='ltr'><strong>Aristotelem</strong></span> <span class='ocrx_word' id='word_1_8' title='bbox 458 481 553 549; x_wconf 89' lang='lat' dir='ltr'>istum,</span> <span class='ocrx_word' id='word_1_9' title='bbox 580 497 675 553; x_wconf 87' lang='lat' dir='ltr'>neque</span> <span class='ocrx_word' id='word_1_10' title='bbox 707 477 896 547; x_wconf 81' lang='lat' dir='ltr'>Carneadem,</span> 
     </span>
     <span class='ocr_line' id='line_1_3' title="bbox 114 572 896 649; baseline -0.001 -19"><span class='ocrx_word' id='word_1_11' title='bbox 114 592 169 630; x_wconf 88' lang='lat' dir='ltr'>nec</span> <span class='ocrx_word' id='word_1_12' title='bbox 188 574 415 649; x_wconf 88' lang='lat' dir='ltr'>philosophorum</span> <span class='ocrx_word' id='word_1_13' title='bbox 430 592 609 648; x_wconf 89' lang='lat' dir='ltr'>quemquam,</span> <span class='ocrx_word' id='word_1_14' title='bbox 624 573 771 630; x_wconf 90' lang='lat' dir='ltr'>desidero:</span> <span class='ocrx_word' id='word_1_15' title='bbox 792 572 835 628; x_wconf 88' lang='lat' dir='ltr'>vel</span> <span class='ocrx_word' id='word_1_16' title='bbox 851 592 896 629; x_wconf 90' lang='lat' dir='ltr'>me</span> 
     </span>
     <span class='ocr_line' id='line_1_4' title="bbox 113 668 895 745; baseline -0.001 -21"><span class='ocrx_word' id='word_1_17' title='bbox 113 668 183 725; x_wconf 86' lang='lat' dir='ltr'>licet</span> <span class='ocrx_word' id='word_1_18' title='bbox 202 670 344 726; x_wconf 82' lang='lat' dir='ltr'>existimes</span> <span class='ocrx_word' id='word_1_19' title='bbox 365 670 513 744; x_wconf 88' lang='lat' dir='ltr'>desperare</span> <span class='ocrx_word' id='word_1_20' title='bbox 536 670 589 726; x_wconf 90' lang='lat' dir='ltr'>ista</span> <span class='ocrx_word' id='word_1_21' title='bbox 613 688 696 745; x_wconf 87' lang='lat' dir='ltr'>posse</span> <span class='ocrx_word' id='word_1_22' title='bbox 723 668 895 744; x_wconf 84' lang='lat' dir='ltr'>perdiscere,</span> 
     </span>
     <span class='ocr_line' id='line_1_5' title="bbox 113 763 894 844; baseline 0.001 -25"><span class='ocrx_word' id='word_1_23' title='bbox 113 764 157 821; x_wconf 86' lang='lat' dir='ltr'>rel</span> <span class='ocrx_word' id='word_1_24' title='bbox 180 763 222 841; x_wconf 91' lang='lat' dir='ltr'>(id</span> <span class='ocrx_word' id='word_1_25' title='bbox 243 766 317 840; x_wconf 91' lang='lat' dir='ltr'>qnod</span> <span class='ocrx_word' id='word_1_26' title='bbox 339 765 427 844; x_wconf 86' lang='lat' dir='ltr'>facio)</span> <span class='ocrx_word' id='word_1_27' title='bbox 456 776 647 822; x_wconf 86' lang='lat' dir='ltr'>contemnere.</span> <span class='ocrx_word' id='word_1_28' title='bbox 699 764 773 821; x_wconf 83' lang='lat' dir='ltr'>Mihi</span> <span class='ocrx_word' id='word_1_29' title='bbox 800 782 894 821; x_wconf 88' lang='lat' dir='ltr'>rerum</span> 
     </span>
     <span class='ocr_line' id='line_1_6' title="bbox 114 860 925 938; baseline 0 -21"><span class='ocrx_word' id='word_1_30' title='bbox 114 860 268 918; x_wconf 81' lang='lat' dir='ltr'>forensium</span> <span class='ocrx_word' id='word_1_31' title='bbox 283 872 311 917; x_wconf 89' lang='lat' dir='ltr'>et</span> <span class='ocrx_word' id='word_1_32' title='bbox 325 862 519 919; x_wconf 91' lang='lat' dir='ltr'>communium</span> <span class='ocrx_word' id='word_1_33' title='bbox 540 862 663 938; x_wconf 84' lang='lat' dir='ltr'>vulgaris</span> <span class='ocrx_word' id='word_1_34' title='bbox 683 866 746 917; x_wconf 80' lang='lat' dir='ltr'>haec</span> <span class='ocrx_word' id='word_1_35' title='bbox 767 860 894 937; x_wconf 84' lang='lat' dir='ltr'>cognitio</span> <span class='ocrx_word' id='word_1_36' title='bbox 908 862 925 909; x_wconf 85' lang='lat'><strong>5</strong></span> 
     </span>
     <span class='ocr_line' id='line_1_7' title="bbox 113 956 895 1033; baseline 0.001 -22"><span class='ocrx_word' id='word_1_37' title='bbox 113 956 182 1012; x_wconf 88' lang='lat' dir='ltr'>satis</span> <span class='ocrx_word' id='word_1_38' title='bbox 202 974 305 1033; x_wconf 83' lang='lat' dir='ltr'>magna</span> <span class='ocrx_word' id='word_1_39' title='bbox 324 967 367 1013; x_wconf 89' lang='lat' dir='ltr'>est</span> <span class='ocrx_word' id='word_1_40' title='bbox 389 957 423 1015; x_wconf 93' lang='lat' dir='ltr'>ad</span> <span class='ocrx_word' id='word_1_41' title='bbox 444 976 516 1027; x_wconf 90' lang='lat' dir='ltr'>earn,</span> <span class='ocrx_word' id='word_1_42' title='bbox 535 976 619 1031; x_wconf 92' lang='lat' dir='ltr'>quam</span> <span class='ocrx_word' id='word_1_43' title='bbox 640 968 746 1033; x_wconf 85' lang='lat' dir='ltr'>specto,</span> <span class='ocrx_word' id='word_1_44' title='bbox 761 956 895 1031; x_wconf 89' lang='lat' dir='ltr'>eloquen-</span> 
     </span>
     <span class='ocr_line' id='line_1_8' title="bbox 111 1051 894 1127; baseline 0.003 -20"><span class='ocrx_word' id='word_1_45' title='bbox 111 1051 197 1121; x_wconf 87' lang='lat' dir='ltr'>tiam;</span> <span class='ocrx_word' id='word_1_46' title='bbox 218 1053 323 1127; x_wconf 75' lang='lat' dir='ltr'>exque</span> <span class='ocrx_word' id='word_1_47' title='bbox 344 1052 405 1127; x_wconf 76' lang='lat' dir='ltr'>ipsd</span> <span class='ocrx_word' id='word_1_48' title='bbox 421 1062 515 1109; x_wconf 87' lang='lat' dir='ltr'>tamen</span> <span class='ocrx_word' id='word_1_49' title='bbox 536 1053 676 1127; x_wconf 85' lang='lat' dir='ltr'>permulta</span> <span class='ocrx_word' id='word_1_50' title='bbox 695 1053 811 1122; x_wconf 86' lang='lat' dir='ltr'>nescio;</span> <span class='ocrx_word' id='word_1_51' title='bbox 832 1071 894 1127; x_wconf 80' lang='lat' dir='ltr'>qnae</span> 
     </span>
     <span class='ocr_line' id='line_1_9' title="bbox 111 1147 895 1224; baseline 0.004 -21"><span class='ocrx_word' id='word_1_52' title='bbox 111 1156 172 1203; x_wconf 87' lang='lat' dir='ltr'>tum</span> <span class='ocrx_word' id='word_1_53' title='bbox 206 1147 338 1223; x_wconf 89' lang='lat' dir='ltr'>denique,</span> <span class='ocrx_word' id='word_1_54' title='bbox 367 1166 432 1203; x_wconf 92' lang='lat' dir='ltr'>cum</span> <span class='ocrx_word' id='word_1_55' title='bbox 466 1168 554 1205; x_wconf 85' lang='lat' dir='ltr'>causa</span> <span class='ocrx_word' id='word_1_56' title='bbox 587 1148 690 1224; x_wconf 81' lang='lat' dir='ltr'>aliqua,</span> <span class='ocrx_word' id='word_1_57' title='bbox 717 1168 779 1224; x_wconf 84' lang='lat' dir='ltr'>quae</span> <span class='ocrx_word' id='word_1_58' title='bbox 807 1168 823 1205; x_wconf 84' lang='lat' dir='ltr'>a</span> <span class='ocrx_word' id='word_1_59' title='bbox 848 1166 895 1206; x_wconf 88' lang='lat' dir='ltr'>me</span> 
     </span>
    </p>
   </div>
   <div class='ocr_carea' id='block_1_3' title="bbox 24 1242 894 1318">
    <p class='ocr_par' dir='ltr' id='par_1_3' title="bbox 24 1242 894 1318">
     <span class='ocr_line' id='line_1_10' title="bbox 24 1242 894 1318; baseline -0.001 -17"><span class='ocrx_word' id='word_1_60' title='bbox 24 1272 25 1301; x_wconf 79' lang='lat'>1</span> <span class='ocrx_word' id='word_1_61' title='bbox 111 1242 237 1299; x_wconf 82' lang='lat' dir='ltr'>dicenda</span> <span class='ocrx_word' id='word_1_62' title='bbox 268 1254 320 1313; x_wconf 88' lang='lat' dir='ltr'>est,</span> <span class='ocrx_word' id='word_1_63' title='bbox 348 1242 499 1314; x_wconf 86' lang='lat' dir='ltr'>desiderat,</span> <span class='ocrx_word' id='word_1_64' title='bbox 529 1262 633 1318; x_wconf 79' lang='lat' dir='ltr'>quaero.</span> <span class='ocrx_word' id='word_1_65' title='bbox 685 1244 894 1316; x_wconf 81' lang='lat' dir='ltr'>Quamobrem,</span> 
     </span>
    </p>
   </div>
   <div class='ocr_carea' id='block_1_4' title="bbox 112 1337 940 1507">
    <p class='ocr_par' dir='ltr' id='par_1_4' title="bbox 112 1337 940 1507">
     <span class='ocr_line' id='line_1_11' title="bbox 112 1337 940 1416; baseline -0.004 -22"><span class='ocrx_word' id='word_1_66' title='bbox 112 1337 168 1394; x_wconf 90' lang='lat' dir='ltr'>nisi</span> <span class='ocrx_word' id='word_1_67' title='bbox 190 1338 262 1395; x_wconf 85' lang='lat' dir='ltr'>sorte</span> <span class='ocrx_word' id='word_1_68' title='bbox 282 1356 313 1394; x_wconf 84' lang='lat' dir='ltr'>es</span> <span class='ocrx_word' id='word_1_69' title='bbox 330 1339 388 1415; x_wconf 87' lang='lat' dir='ltr'>jam</span> <span class='ocrx_word' id='word_1_70' title='bbox 410 1338 545 1409; x_wconf 87' lang='lat' dir='ltr'>defessus,</span> <span class='ocrx_word' id='word_1_71' title='bbox 560 1339 626 1396; x_wconf 87' lang='lat' dir='ltr'>etsi</span> <span class='ocrx_word' id='word_1_72' title='bbox 645 1340 698 1395; x_wconf 91' lang='lat' dir='ltr'>tibi</span> <span class='ocrx_word' id='word_1_73' title='bbox 717 1358 775 1396; x_wconf 92' lang='lat' dir='ltr'>non</span> <span class='ocrx_word' id='word_1_74' title='bbox 796 1359 895 1416; x_wconf 82' lang='lat' dir='ltr'>graves</span> <span class='ocrx_word' id='word_1_75' title='bbox 909 1343 940 1391; x_wconf 82' lang='lat'>1⁰</span> 
     </span>
     <span class='ocr_line' id='line_1_12' title="bbox 112 1432 895 1507; baseline 0.004 -18"><span class='ocrx_word' id='word_1_76' title='bbox 112 1450 222 1502; x_wconf 88' lang='lat' dir='ltr'>sumus,</span> <span class='ocrx_word' id='word_1_77' title='bbox 236 1433 310 1488; x_wconf 82' lang='lat' dir='ltr'>refer</span> <span class='ocrx_word' id='word_1_78' title='bbox 331 1432 365 1489; x_wconf 84' lang='lat' dir='ltr'>ad</span> <span class='ocrx_word' id='word_1_79' title='bbox 387 1433 436 1489; x_wconf 84' lang='lat' dir='ltr'>illa</span> <span class='ocrx_word' id='word_1_80' title='bbox 455 1444 493 1503; x_wconf 89' lang='lat' dir='ltr'>te,</span> <span class='ocrx_word' id='word_1_81' title='bbox 512 1452 575 1507; x_wconf 82' lang='lat' dir='ltr'>quae</span> <span class='ocrx_word' id='word_1_82' title='bbox 596 1434 631 1489; x_wconf 90' lang='lat' dir='ltr'>ad</span> <span class='ocrx_word' id='word_1_83' title='bbox 652 1434 741 1507; x_wconf 88' lang='lat' dir='ltr'>ipsius</span> <span class='ocrx_word' id='word_1_84' title='bbox 760 1433 895 1493; x_wconf 87' lang='lat' dir='ltr'>orationis</span> 
     </span>
    </p>
   </div>
   <div class='ocr_carea' id='block_1_5' title="bbox 23 1525 896 1696">
    <p class='ocr_par' dir='ltr' id='par_1_5' title="bbox 23 1525 896 1696">
     <span class='ocr_line' id='line_1_13' title="bbox 24 1525 896 1602; baseline 0.006 -22"><span class='ocrx_word' id='word_1_85' title='bbox 24 1588 25 1593; x_wconf 7' lang='grc' dir='ltr'>ἵ</span> <span class='ocrx_word' id='word_1_86' title='bbox 112 1525 227 1581; x_wconf 84' lang='lat' dir='ltr'>laudem</span> <span class='ocrx_word' id='word_1_87' title='bbox 255 1526 489 1600; x_wconf 86' lang='lat' dir='ltr'>splendoremque</span> <span class='ocrx_word' id='word_1_88' title='bbox 514 1527 673 1601; x_wconf 89' lang='lat' dir='ltr'>pertinent;</span> <span class='ocrx_word' id='word_1_89' title='bbox 701 1545 763 1601; x_wconf 82' lang='lat' dir='ltr'>quae</span> <span class='ocrx_word' id='word_1_90' title='bbox 786 1545 841 1602; x_wconf 84' lang='lat' dir='ltr'>ego</span> <span class='ocrx_word' id='word_1_91' title='bbox 861 1546 896 1585; x_wconf 86' lang='lat' dir='ltr'>ex</span> 
     </span>
     <span class='ocr_line' id='line_1_14' title="bbox 23 1619 896 1696; baseline -0.001 -17"><span class='ocrx_word' id='word_1_92' title='bbox 23 1655 27 1664; x_wconf 53' lang='grc' dir='ltr'><em>ι</em></span> <span class='ocrx_word' id='word_1_93' title='bbox 111 1632 143 1679; x_wconf 87' lang='lat' dir='ltr'>te</span> <span class='ocrx_word' id='word_1_94' title='bbox 159 1619 257 1677; x_wconf 86' lang='lat' dir='ltr'>audire</span> <span class='ocrx_word' id='word_1_95' title='bbox 271 1620 356 1691; x_wconf 85' lang='lat' dir='ltr'>volui,</span> <span class='ocrx_word' id='word_1_96' title='bbox 371 1638 429 1677; x_wconf 93' lang='lat' dir='ltr'>non</span> <span class='ocrx_word' id='word_1_97' title='bbox 449 1633 480 1678; x_wconf 89' lang='lat' dir='ltr'>ut</span> <span class='ocrx_word' id='word_1_98' title='bbox 500 1621 678 1696; x_wconf 87' lang='lat' dir='ltr'>desperarem</span> <span class='ocrx_word' id='word_1_99' title='bbox 698 1639 744 1677; x_wconf 89' lang='lat' dir='ltr'>me</span> <span class='ocrx_word' id='word_1_100' title='bbox 764 1621 896 1696; x_wconf 91' lang='lat' dir='ltr'>eloquen-</span> 
     </span>
    </p>
   </div>
   <div class='ocr_carea' id='block_1_6' title="bbox 112 1715 894 1791">
    <p class='ocr_par' dir='ltr' id='par_1_6' title="bbox 112 1715 894 1791">
     <span class='ocr_line' id='line_1_15' title="bbox 112 1715 894 1791; baseline 0.001 -19"><span class='ocrx_word' id='word_1_101' title='bbox 112 1716 183 1773; x_wconf 85' lang='lat' dir='ltr'>tiam</span> <span class='ocrx_word' id='word_1_102' title='bbox 205 1716 340 1789; x_wconf 85' lang='lat' dir='ltr'>consequi</span> <span class='ocrx_word' id='word_1_103' title='bbox 361 1736 452 1791; x_wconf 89' lang='lat' dir='ltr'>posse,</span> <span class='ocrx_word' id='word_1_104' title='bbox 467 1718 518 1773; x_wconf 89' lang='lat' dir='ltr'>sed</span> <span class='ocrx_word' id='word_1_105' title='bbox 530 1726 562 1775; x_wconf 84' lang='lat' dir='ltr'>ut</span> <span class='ocrx_word' id='word_1_106' title='bbox 583 1716 688 1791; x_wconf 86' lang='lat' dir='ltr'>aliquid</span> <span class='ocrx_word' id='word_1_107' title='bbox 710 1715 894 1775; x_wconf 87' lang='lat' dir='ltr'>addiscerem.</span> 
     </span>
    </p>
   </div>
   <div class='ocr_carea' id='block_1_7' title="bbox 25 1906 943 2462">
    <p class='ocr_par' dir='ltr' id='par_1_7' title="bbox 25 1906 943 2462">
     <span class='ocr_line' id='line_1_16' title="bbox 154 1906 943 1984; baseline 0 -21"><span class='ocrx_word' id='word_1_108' title='bbox 154 1906 312 1965; x_wconf 87' lang='lat' dir='ltr'>XXXVII.</span> <span class='ocrx_word' id='word_1_109' title='bbox 343 1906 421 1964; x_wconf 87' lang='lat' dir='ltr'>Tum</span> <span class='ocrx_word' id='word_1_110' title='bbox 461 1907 591 1979; x_wconf 81' lang='lat' dir='ltr'>Crassus,</span> <span class='ocrx_word' id='word_1_111' title='bbox 629 1906 811 1984; x_wconf 82' lang='lat' dir='ltr'>Pervuigatas</span> <span class='ocrx_word' id='word_1_112' title='bbox 849 1926 896 1965; x_wconf 88' lang='lat' dir='ltr'>res</span> <span class='ocrx_word' id='word_1_113' title='bbox 911 1912 943 1963; x_wconf 77' lang='lat'>15</span> 
     </span>
     <span class='ocr_line' id='line_1_17' title="bbox 111 2003 894 2080; baseline 0.001 -19"><span class='ocrx_word' id='word_1_114' title='bbox 111 2003 244 2079; x_wconf 83' lang='lat' dir='ltr'>requiris,</span> <span class='ocrx_word' id='word_1_115' title='bbox 266 2004 366 2078; x_wconf 89' lang='lat' dir='ltr'>inquit,</span> <span class='ocrx_word' id='word_1_116' title='bbox 387 2013 416 2060; x_wconf 90' lang='lat' dir='ltr'>et</span> <span class='ocrx_word' id='word_1_117' title='bbox 435 2004 487 2060; x_wconf 91' lang='lat' dir='ltr'>tibi</span> <span class='ocrx_word' id='word_1_118' title='bbox 507 2022 565 2061; x_wconf 90' lang='lat' dir='ltr'>non</span> <span class='ocrx_word' id='word_1_119' title='bbox 587 2004 755 2080; x_wconf 86' lang='lat' dir='ltr'>incognitas,</span> <span class='ocrx_word' id='word_1_120' title='bbox 775 2003 894 2080; x_wconf 83' lang='lat' dir='ltr'>Sulpici.</span> 
     </span>
     <span class='ocr_line' id='line_1_18' title="bbox 25 2091 895 2176; baseline -0.002 -16"><span class='ocrx_word' id='word_1_121' title='bbox 25 2091 28 2098; x_wconf 59' lang='grc'><strong>’</strong></span> <span class='ocrx_word' id='word_1_122' title='bbox 110 2100 190 2162; x_wconf 80' lang='lat' dir='ltr'>Quis</span> <span class='ocrx_word' id='word_1_123' title='bbox 217 2100 293 2156; x_wconf 90' lang='lat' dir='ltr'>enim</span> <span class='ocrx_word' id='word_1_124' title='bbox 328 2100 363 2156; x_wconf 94' lang='lat' dir='ltr'>de</span> <span class='ocrx_word' id='word_1_125' title='bbox 397 2099 452 2156; x_wconf 88' lang='lat' dir='ltr'>isto</span> <span class='ocrx_word' id='word_1_126' title='bbox 485 2118 590 2176; x_wconf 82' lang='lat' dir='ltr'>genere</span> <span class='ocrx_word' id='word_1_127' title='bbox 617 2119 674 2156; x_wconf 94' lang='lat' dir='ltr'>non</span> <span class='ocrx_word' id='word_1_128' title='bbox 702 2101 809 2172; x_wconf 87' lang='lat' dir='ltr'>docuit,</span> <span class='ocrx_word' id='word_1_129' title='bbox 836 2119 895 2159; x_wconf 91' lang='lat' dir='ltr'>non</span> 
     </span>
     <span class='ocr_line' id='line_1_19' title="bbox 112 2194 895 2270; baseline 0 -17"><span class='ocrx_word' id='word_1_130' title='bbox 112 2194 247 2264; x_wconf 79' lang='lat' dir='ltr'>instituit,</span> <span class='ocrx_word' id='word_1_131' title='bbox 274 2214 331 2253; x_wconf 89' lang='lat' dir='ltr'>non</span> <span class='ocrx_word' id='word_1_132' title='bbox 361 2194 446 2252; x_wconf 89' lang='lat' dir='ltr'>etiam</span> <span class='ocrx_word' id='word_1_133' title='bbox 481 2196 617 2270; x_wconf 87' lang='lat' dir='ltr'>scriptum</span> <span class='ocrx_word' id='word_1_134' title='bbox 650 2195 784 2270; x_wconf 72' lang='lat' dir='ltr'>reliquit?</span> <span class='ocrx_word' id='word_1_135' title='bbox 838 2195 895 2253; x_wconf 86' lang='lat' dir='ltr'>Sed</span> 
     </span>
     <span class='ocr_line' id='line_1_20' title="bbox 114 2292 897 2367; baseline 0.004 -21"><span class='ocrx_word' id='word_1_136' title='bbox 114 2308 211 2366; x_wconf 83' lang='lat' dir='ltr'>geram</span> <span class='ocrx_word' id='word_1_137' title='bbox 241 2310 346 2348; x_wconf 92' lang='lat' dir='ltr'>morem</span> <span class='ocrx_word' id='word_1_138' title='bbox 376 2301 404 2347; x_wconf 92' lang='lat' dir='ltr'>et</span> <span class='ocrx_word' id='word_1_139' title='bbox 424 2310 458 2348; x_wconf 89' lang='lat' dir='ltr'>ea</span> <span class='ocrx_word' id='word_1_140' title='bbox 478 2292 625 2362; x_wconf 87' lang='lat' dir='ltr'>duntaxat,</span> <span class='ocrx_word' id='word_1_141' title='bbox 646 2312 708 2367; x_wconf 83' lang='lat' dir='ltr'>quae</span> <span class='ocrx_word' id='word_1_142' title='bbox 731 2292 801 2349; x_wconf 92' lang='lat' dir='ltr'>mihi</span> <span class='ocrx_word' id='word_1_143' title='bbox 828 2292 897 2350; x_wconf 83' lang='lat' dir='ltr'>nota</span> 
     </span>
     <span class='ocr_line' id='line_1_21' title="bbox 115 2386 943 2462; baseline 0.004 -20"><span class='ocrx_word' id='word_1_144' title='bbox 115 2394 191 2455; x_wconf 87' lang='lat' dir='ltr'>sunt,</span> <span class='ocrx_word' id='word_1_145' title='bbox 206 2386 326 2443; x_wconf 87' lang='lat' dir='ltr'>breviter</span> <span class='ocrx_word' id='word_1_146' title='bbox 346 2405 484 2462; x_wconf 86' lang='lat' dir='ltr'>exponam</span> <span class='ocrx_word' id='word_1_147' title='bbox 506 2387 576 2458; x_wconf 80' lang='lat' dir='ltr'>tibi3</span> <span class='ocrx_word' id='word_1_148' title='bbox 596 2389 721 2445; x_wconf 89' lang='lat' dir='ltr'>censebo</span> <span class='ocrx_word' id='word_1_149' title='bbox 741 2388 849 2460; x_wconf 64' lang='lat' dir='ltr'>tamen,</span> <span class='ocrx_word' id='word_1_150' title='bbox 861 2389 895 2446; x_wconf 92' lang='lat' dir='ltr'>ad</span> <span class='ocrx_word' id='word_1_151' title='bbox 911 2386 943 2436; x_wconf 74' lang='lat'>2⁰</span> 
     </span>
    </p>
   </div>
   <div class='ocr_carea' id='block_1_8' title="bbox 27 2476 898 2555">
    <p class='ocr_par' dir='ltr' id='par_1_8' title="bbox 27 2476 898 2555">
     <span class='ocr_line' id='line_1_22' title="bbox 27 2476 898 2555; baseline 0.006 -18"><span class='ocrx_word' id='word_1_152' title='bbox 27 2476 29 2483; x_wconf 73' lang='grc'><strong>’</strong></span> <span class='ocrx_word' id='word_1_153' title='bbox 116 2499 177 2550; x_wconf 91' lang='lat' dir='ltr'>eos,</span> <span class='ocrx_word' id='word_1_154' title='bbox 191 2483 240 2555; x_wconf 90' lang='lat' dir='ltr'>qui</span> <span class='ocrx_word' id='word_1_155' title='bbox 261 2494 390 2539; x_wconf 84' lang='lat' dir='ltr'>auctores</span> <span class='ocrx_word' id='word_1_156' title='bbox 404 2493 433 2539; x_wconf 91' lang='lat' dir='ltr'>et</span> <span class='ocrx_word' id='word_1_157' title='bbox 447 2483 607 2541; x_wconf 89' lang='lat' dir='ltr'>inventores</span> <span class='ocrx_word' id='word_1_158' title='bbox 628 2494 693 2541; x_wconf 88' lang='lat' dir='ltr'>sunt</span> <span class='ocrx_word' id='word_1_159' title='bbox 714 2484 812 2541; x_wconf 91' lang='lat' dir='ltr'>harum</span> <span class='ocrx_word' id='word_1_160' title='bbox 829 2504 898 2542; x_wconf 85' lang='lat' dir='ltr'>sane</span> 
     </span>
    </p>
   </div>
   <div class='ocr_carea' id='block_1_9' title="bbox 115 2571 945 2752">
    <p class='ocr_par' dir='ltr' id='par_1_9' title="bbox 115 2571 945 2752">
     <span class='ocr_line' id='line_1_23' title="bbox 115 2571 945 2658; baseline 0.006 -24"><span class='ocrx_word' id='word_1_161' title='bbox 115 2576 289 2634; x_wconf 84' lang='lat' dir='ltr'>minutarum</span> <span class='ocrx_word' id='word_1_162' title='bbox 309 2596 413 2649; x_wconf 90' lang='lat' dir='ltr'>rerum,</span> <span class='ocrx_word' id='word_1_163' title='bbox 434 2580 641 2637; x_wconf 86' lang='lat' dir='ltr'>revertendum.</span> <span class='ocrx_word' id='word_1_164' title='bbox 682 2580 786 2637; x_wconf 91' lang='lat' dir='ltr'>Omnis</span> <span class='ocrx_word' id='word_1_165' title='bbox 812 2581 898 2658; x_wconf 83' lang='lat' dir='ltr'>igitur</span> <span class='ocrx_word' id='word_1_166' title='bbox 936 2571 945 2579; x_wconf 57' lang='grc'><strong>”</strong></span> 
     </span>
     <span class='ocr_line' id='line_1_24' title="bbox 116 2671 899 2752; baseline 0.008 -23"><span class='ocrx_word' id='word_1_167' title='bbox 116 2671 209 2729; x_wconf 85' lang='lat' dir='ltr'>oratio</span> <span class='ocrx_word' id='word_1_168' title='bbox 243 2673 393 2730; x_wconf 88' lang='lat' dir='ltr'>conficitur</span> <span class='ocrx_word' id='word_1_169' title='bbox 420 2692 455 2730; x_wconf 85' lang='lat' dir='ltr'>ex</span> <span class='ocrx_word' id='word_1_170' title='bbox 480 2676 589 2746; x_wconf 89' lang='lat' dir='ltr'>verbis;</span> <span class='ocrx_word' id='word_1_171' title='bbox 624 2694 743 2750; x_wconf 91' lang='lat' dir='ltr'>quorum</span> <span class='ocrx_word' id='word_1_172' title='bbox 775 2678 899 2752; x_wconf 88' lang='lat' dir='ltr'>primam</span> 
     </span>
    </p>
   </div>
   <div class='ocr_carea' id='block_1_10' title="bbox 26 2767 901 2842">
    <p class='ocr_par' dir='ltr' id='par_1_10' title="bbox 26 2767 901 2842">
     <span class='ocr_line' id='line_1_25' title="bbox 26 2767 901 2842; baseline 0.008 -18"><span class='ocrx_word' id='word_1_173' title='bbox 26 2816 28 2835; x_wconf 90' lang='grc'>,</span> <span class='ocrx_word' id='word_1_174' title='bbox 115 2767 201 2826; x_wconf 80' lang='lat' dir='ltr'>nobis</span> <span class='ocrx_word' id='word_1_175' title='bbox 221 2767 294 2823; x_wconf 85' lang='lat' dir='ltr'>ratio</span> <span class='ocrx_word' id='word_1_176' title='bbox 314 2767 479 2842; x_wconf 86' lang='lat' dir='ltr'>simpliciter</span> <span class='ocrx_word' id='word_1_177' title='bbox 499 2769 623 2827; x_wconf 85' lang='lat' dir='ltr'>videnda</span> <span class='ocrx_word' id='word_1_178' title='bbox 642 2781 694 2841; x_wconf 92' lang='lat' dir='ltr'>est,</span> <span class='ocrx_word' id='word_1_179' title='bbox 709 2771 813 2829; x_wconf 86' lang='lat' dir='ltr'>deinde</span> <span class='ocrx_word' id='word_1_180' title='bbox 832 2790 901 2831; x_wconf 87' lang='lat' dir='ltr'>con·</span> 
     </span>
    </p>
   </div>
   <div class='ocr_carea' id='block_1_11' title="bbox 26 2842 946 3135">
    <p class='ocr_par' dir='ltr' id='par_1_11' title="bbox 26 2842 946 3135">
     <span class='ocr_line' id='line_1_26' title="bbox 26 2842 946 2941; baseline 0.001 -23"><span class='ocrx_word' id='word_1_181' title='bbox 26 2842 28 2869; x_wconf 61' lang='lat'>³</span> <span class='ocrx_word' id='word_1_182' title='bbox 113 2864 231 2940; x_wconf 88' lang='lat' dir='ltr'>juncte:</span> <span class='ocrx_word' id='word_1_183' title='bbox 259 2880 324 2919; x_wconf 91' lang='lat' dir='ltr'>nam</span> <span class='ocrx_word' id='word_1_184' title='bbox 346 2863 522 2939; x_wconf 88' lang='lat' dir='ltr'>estquidam</span> <span class='ocrx_word' id='word_1_185' title='bbox 544 2878 660 2923; x_wconf 85' lang='lat' dir='ltr'>ornatus</span> <span class='ocrx_word' id='word_1_186' title='bbox 684 2867 831 2939; x_wconf 83' lang='lat' dir='ltr'>orationis,</span> <span class='ocrx_word' id='word_1_187' title='bbox 851 2867 899 2941; x_wconf 89' lang='lat' dir='ltr'>qui</span> <span class='ocrx_word' id='word_1_188' title='bbox 914 2868 946 2919; x_wconf 70' lang='lat'>2⁵</span> 
     </span>
     <span class='ocr_line' id='line_1_27' title="bbox 116 2958 901 3036; baseline 0 -19"><span class='ocrx_word' id='word_1_189' title='bbox 116 2978 153 3017; x_wconf 80' lang='lat' dir='ltr'>ex</span> <span class='ocrx_word' id='word_1_190' title='bbox 172 2958 292 3036; x_wconf 80' lang='lat' dir='ltr'>singulis</span> <span class='ocrx_word' id='word_1_191' title='bbox 311 2959 405 3017; x_wconf 85' lang='lat' dir='ltr'>verbis</span> <span class='ocrx_word' id='word_1_192' title='bbox 424 2969 483 3029; x_wconf 86' lang='lat' dir='ltr'>est;</span> <span class='ocrx_word' id='word_1_193' title='bbox 507 2958 588 3033; x_wconf 86' lang='lat' dir='ltr'>alius,</span> <span class='ocrx_word' id='word_1_194' title='bbox 603 2962 651 3036; x_wconf 91' lang='lat' dir='ltr'>qui</span> <span class='ocrx_word' id='word_1_195' title='bbox 671 2980 707 3020; x_wconf 84' lang='lat' dir='ltr'>ex</span> <span class='ocrx_word' id='word_1_196' title='bbox 727 2962 901 3020; x_wconf 85' lang='lat' dir='ltr'>continuatis</span> 
     </span>
     <span class='ocr_line' id='line_1_28' title="bbox 119 3055 902 3135; baseline 0.001 -23"><span class='ocrx_word' id='word_1_197' title='bbox 119 3055 337 3133; x_wconf 82' lang='lat' dir='ltr'>conjunctisque</span> <span class='ocrx_word' id='word_1_198' title='bbox 357 3065 477 3117; x_wconf 79' lang='lat' dir='ltr'>constet.</span> <span class='ocrx_word' id='word_1_199' title='bbox 519 3056 599 3135; x_wconf 80' lang='lat' dir='ltr'>Ergo</span> <span class='ocrx_word' id='word_1_200' title='bbox 618 3068 731 3118; x_wconf 85' lang='lat' dir='ltr'>utemur</span> <span class='ocrx_word' id='word_1_201' title='bbox 745 3057 840 3117; x_wconf 82' lang='lat' dir='ltr'>verbis</span> <span class='ocrx_word' id='word_1_202' title='bbox 853 3065 902 3114; x_wconf 81' lang='lat' dir='ltr'>aut</span> 
     </span>
    </p>
   </div>
   <div class='ocr_carea' id='block_1_12' title="bbox 0 0 1063 3417">
    <p class='ocr_par' dir='ltr' id='par_1_12' title="bbox 0 0 1063 3417">
     <span class='ocr_line' id='line_1_29' title="bbox 0 0 1063 3417; baseline 0 0"><span class='ocrx_word' id='word_1_203' title='bbox 0 0 1063 3417; x_wconf 95' lang='lat' dir='ltr'> </span> 
     </span>
    </p>
   </div>
  </div>
 </body>
</html>
