2109 3417
109 287 137 333 n.
149 287 179 347 a]
391 284 434 331 ns
456 284 620 331 onerosa

108 434 181 509 quid
205 452 299 505 suum,
322 432 389 508 quid
414 432 550 504 alienum,
572 450 660 507 quare
682 430 806 507 denique
827 430 899 491 ciris

111 541 161 587 ant
186 531 364 607 peregrinus,
386 548 483 586 servus
511 539 559 586 aut
586 529 658 586 liber
684 529 824 604 quispiam
851 528 898 599 sit,

110 627 234 703 ignoret,
268 626 389 702 insignis
422 636 465 683 est
499 625 691 701 impudentiae.
745 624 799 683 Illa
831 642 899 682 vero

108 724 270 781 deridenda
292 723 454 799 arrogantia
473 733 527 793 est,
549 722 579 779 in
599 722 758 779 minoribus
777 719 899 799 navigiis

111 822 213 879 rudem
247 841 309 879 esse
343 840 373 879 se
407 821 555 891 confiteri;
590 820 818 895 quinqueremes,
850 828 930 883 rats

109 921 199 977 etiam
227 920 359 996 majores,
384 920 545 997 gubernare
569 918 714 977 didicisse.
755 918 804 977 'l'u
827 916 899 976 mihi

109 1036 179 1073 cum
202 1017 231 1073 in
253 1016 362 1074 circulo
383 1016 527 1091 decipiare
549 1016 702 1073 adversarii
720 1014 901 1091 stipulatiun-

112 1114 190 1183 cula,
208 1132 274 1169 oum
295 1113 428 1189 obsignes
448 1111 568 1171 tabellas
588 1112 703 1169 clientis
722 1112 774 1182 tui,
795 1111 900 1187 quibus

112 1209 144 1266 in
158 1209 271 1266 tabellis
285 1209 314 1266 id
328 1210 365 1265 sit
378 1208 527 1283 scriptum,
542 1227 600 1282 quo
615 1207 663 1265 ille
675 1207 822 1284 capiatur;
843 1224 900 1284 ego

113 1306 166 1362 tibi
192 1305 278 1362 ullam
300 1324 415 1363 causam
437 1305 573 1381 majorem
595 1304 830 1363 committendam
849 1322 900 1379 pu·
914 1311 945 1361 lo

113 1403 193 1459 terni
240 1401 334 1459 Citius
361 1401 534 1472 herculeis,
555 1401 604 1476 qui
630 1401 752 1457 duorum
779 1401 900 1459 scalmo·

113 1516 177 1555 rum
205 1498 366 1555 naviculam
393 1498 423 1553 in
450 1508 532 1572 portu
560 1497 703 1568 everterit,
729 1496 757 1553 in
784 1496 900 1554 Euxino
947 1543 951 1551 ,

113 1605 203 1671 ponto
217 1594 450 1669 Argonautarum
465 1612 567 1650 navem
582 1592 757 1669 gubernent
796 1592 900 1654 Quidt

114 1692 140 1748 si
153 1709 190 1747 ne
204 1708 297 1765 parvae
317 1689 432 1763 quidem
454 1708 549 1747 causae
569 1699 645 1759 sunt,
659 1687 710 1745 sed
724 1706 799 1763 saepe
814 1687 902 1746 maxi·

115 1806 179 1857 mae,
208 1786 237 1843 in
263 1784 366 1860 quibus
394 1794 518 1841 certatur
546 1783 582 1840 de
606 1784 670 1859 jure
697 1782 791 1841 civiti:
824 1782 900 1857 quod
916 1791 947 1841 15

116 1880 231 1939 tandem
253 1900 285 1937 os
306 1890 348 1937 est
370 1880 445 1937 illins
466 1879 589 1955 patroni,
606 1879 654 1954 qui
675 1880 710 1936 ad
731 1898 780 1935 eas
799 1898 902 1937 causas

115 1978 179 2035 sine
203 1978 261 2035 ulla
282 1976 406 2035 scientiis
425 1976 497 2052 juris
520 1976 606 2031 audet
628 1976 785 2033 accederet
824 1974 901 2036 Quae

116 2073 209 2148 potuit
243 2073 328 2148 igitur
362 2092 424 2129 esse
459 2090 548 2129 causa
579 2071 678 2146 major,
706 2091 791 2146 quam
825 2071 901 2129 iilius

116 2169 225 2239 militis,
247 2169 282 2225 de
303 2168 385 2244 cujus
405 2178 495 2225 morte
519 2188 585 2225 cum
609 2168 723 2225 domum
751 2169 839 2227 salsus
865 2170 901 2227 ab

115 2265 245 2328 exercitu
279 2265 397 2321 nuntius
430 2264 564 2335 venisset,
597 2275 627 2321 et
659 2276 739 2341 pater
771 2266 842 2341 ejus,
869 2278 948 2327 rem

118 2360 237 2431 creditit,
271 2370 472 2417 testamentum
506 2361 654 2431 mutdsset,
688 2370 726 2432 et,
761 2380 845 2435 quern
873 2362 901 2419 ei

118 2456 208 2513 visum
236 2466 320 2526 esset,
350 2456 465 2512 fecisset
498 2455 643 2527 heredem,
677 2467 807 2531 essetque
841 2457 901 2533 ipse

117 2562 262 2621 mortuns;
291 2570 337 2608 res
360 2552 455 2609 delata
480 2561 523 2609 est
552 2552 586 2609 ad
614 2553 814 2625 centumviros,
835 2574 901 2613 cum

118 2648 200 2705 miles
233 2648 349 2705 domum
383 2648 549 2718 revenisset,
580 2649 742 2725 egissetque
774 2650 838 2727 lege
871 2651 902 2709 in
1045 2721 1046 2726 ἵ

118 2743 304 2801 hereditatem
324 2754 472 2820 paternam
496 2740 682 2819 [testamento
709 2745 828 2803 exheres
851 2746 903 2803 iili·
916 2760 949 2810 π
1045 2733 1046 2736 ¹

118 2841 187 2919 us]i
228 2839 341 2915 Nempe
362 2840 391 2897 iu
412 2840 447 2896 ea
468 2840 557 2897 causi
571 2840 721 2914 quaesitum
735 2850 778 2899 est
790 2841 902 2917 dejure

116 2935 205 3008 civili,
232 2946 366 3012 possetne
392 2946 576 3013 paternorum
610 2936 751 2995 bonorum
784 2936 902 2995 exheres
