2109 3417
115 322 144 369 ι.
155 322 196 384 n]
398 322 442 369 ou
461 320 625 369 oasrons.
905 308 945 367 43

115 469 264 542 manseris,
284 479 314 529 te
332 469 432 545 paneis
452 468 535 529 anuis
556 470 591 529 ed
611 468 748 529 maximas
760 467 900 545 pecunias

116 583 182 623 esse
204 568 380 626 venturum.”
435 565 471 623 In
486 566 555 625 'hoo
580 584 686 643 genere
713 565 842 625 Fannius
869 565 899 623 ia

117 661 268 719 annalibus
300 662 361 721 suis
392 662 563 721 Africanum
600 662 678 721 huno
712 660 900 719 AEmiiiannnr

115 756 189 819 dieii
202 757 298 828 fuisse,
308 768 338 815 et
350 776 417 815 eum
429 758 534 815 Grreoo
548 757 633 817 verbo
647 756 770 833 appellat
783 762 900 830 emove:

116 853 178 923 sed,
192 853 234 909 uti
248 853 353 924 ferunt,
366 853 415 929 qui
429 853 532 911 melius
545 851 736 924 hunnorum,
752 854 901 911 Socratem
915 859 931 909 5

115 948 219 1022 opinor
245 948 275 1005 in
303 949 358 1006 hae
390 948 484 1006 ironiis
516 948 782 1025 dissimulantiaque
815 948 901 1023 longe

116 1042 213 1118 lepore
223 1053 253 1103 et
264 1044 438 1104 humanitate
449 1044 582 1103 omnibus
592 1044 764 1122 prestitisse.
801 1045 901 1103 Genus

116 1149 160 1196 est
179 1141 356 1216 perelegans,
370 1151 400 1197 et
412 1159 480 1197 oum
498 1141 635 1217 gravitate
649 1142 764 1212 salsum,
779 1158 901 1216 eumque

115 1236 250 1293 oratoriis
275 1236 459 1307 dictionibus,
482 1247 544 1296 turn
572 1237 688 1295 urbanis
711 1237 900 1307 sermonibus,

118 1332 372 1389 aorommodsturn.
414 1331 462 1402 Et,
482 1332 608 1404 hercule,
630 1332 728 1389 omnia
746 1332 817 1403 haeo,
837 1350 900 1407 quae
917 1338 947 1389 10

119 1427 245 1484 amede
266 1428 378 1485 feneriis
397 1427 587 1502 disputantur,
602 1445 661 1485 non
681 1427 789 1503 majora
809 1427 901 1485 foren-

118 1522 191 1579 sium
206 1524 360 1594 actionum,
374 1542 458 1600 quam
472 1523 602 1581 omnium
616 1540 788 1593 sermonum,
803 1523 901 1579 eondi-

117 1629 215 1677 menta
240 1630 313 1677 sunt
362 1619 450 1690 Nam,
476 1618 553 1694 quod
580 1618 655 1694 apud
682 1619 821 1677 Catonem
847 1628 900 1689 est,

117 1716 167 1790 qni
185 1716 274 1773 multa
294 1707 404 1787 retulit,
414 1734 450 1772 ex
463 1714 567 1790 quibus
582 1734 598 1772 a
611 1733 657 1771 me
671 1715 793 1790 exempli
814 1714 901 1771 nausti

117 1810 208 1876 muita
232 1820 388 1886 ponuntur,
411 1829 462 1885 per
489 1810 559 1867 mihi
586 1810 691 1869 snitum
718 1809 838 1881 videtur,
865 1809 899 1867 C.
917 1822 947 1870 15

104 1906 280 1965 'Publicium
294 1908 409 1963 solitum
423 1906 530 1975 dioere,
545 1912 564 1939 “
573 1906 605 1964 P.
620 1905 793 1963 Mummium
810 1905 901 1963 ouivis

117 2003 239 2079 tempori
266 2003 410 2061 hominem
436 2004 526 2061 esse.”
579 2003 630 2061 Sia
655 2002 784 2079 proseoto
804 2021 850 2063 res
870 2020 901 2059 se

118 2099 213 2170 habet,
228 2100 338 2157 nullum
361 2109 393 2157 ut
416 2099 453 2156 sit
474 2099 539 2156 vitm
562 2109 684 2174 tempus,
708 2098 738 2155 in
762 2116 819 2174 quo
842 2117 900 2156 non

116 2196 221 2253 deoeat
232 2196 360 2271 leporem
373 2196 635 2272 humanitatemque
648 2196 763 2254 versari.

158 2292 218 2349 Sed
233 2292 331 2354 ,redeo
357 2292 393 2350 ad
420 2303 523 2351 uetera
576 2291 629 2349 Est
654 2291 723 2349 huie
749 2292 902 2351 finitimum
916 2306 948 2356 2⁰

117 2385 348 2458 dissimulationi,
376 2406 443 2445 oum
469 2388 592 2445 honesto
618 2388 704 2447 verbo
729 2388 832 2445 vitiose
857 2408 902 2447 res

120 2482 293 2557 appellatum
330 2492 362 2539 ut
395 2502 461 2541 oum
494 2484 651 2543 Africanus
687 2502 790 2541 censor
826 2484 902 2543 tribu

119 2578 253 2635 movebat
271 2597 339 2636 eum
357 2579 567 2651 centurionem,
584 2580 633 2655 qui
653 2580 683 2637 in
703 2580 786 2638 Pauli
805 2581 903 2657 pugna

118 2692 180 2731 uon
201 2673 328 2746 affuerat,
342 2692 409 2731 enm
430 2674 522 2731 illese
536 2675 673 2733 custodie
694 2675 781 2733 nausii
795 2675 904 2733 dieeret

119 2770 150 2830 iu
178 2770 280 2829 eastris
306 2769 485 2841 remansisse,
513 2781 706 2847 quereretque
733 2790 784 2829 our
810 2772 845 2829 ab
868 2790 903 2829 eo
917 2786 949 2836 25

118 2877 283 2938 notaretum
311 2866 409 2925 “Non
434 2868 526 2940 arno,”
548 2867 651 2943 inquit,
671 2867 820 2927 “nimium
842 2868 904 2927 dili·

113 2965 249 3042 gentes„

159 3061 289 3123 sautum
320 3061 408 3123 etiam
439 3061 516 3128 mod,
544 3072 599 3137 est,
626 3080 693 3123 oum
725 3080 762 3123 ex
787 3060 904 3121 alterius

975 206 988 239 Ι
