2109 3417
118 260 190 321 nn]
399 261 441 309 os
462 259 625 310 umbone.
887 251 943 312 1⁰8

115 411 290 484 necessaria,
314 411 428 488 atejus
454 412 622 470 industrium
646 411 676 470 in
698 412 780 488 plura
803 409 899 470 studia

117 507 275 565 distrahere
288 508 385 566 nolim.
425 509 502 570 Quis
515 518 610 586 neget,
624 527 695 584 opus
708 526 770 566 esse
783 507 897 579 oratori,

118 603 150 660 iu
165 603 220 660 hoc
240 604 363 661 oratorio
383 616 461 662 motu
475 616 615 679 statuque,
630 604 731 662 Roscii
745 617 855 681 gestum
869 613 898 662 et

118 679 316 757 venustatem'l
340 711 434 758 tamen
458 718 543 758 uerno
566 699 686 758 suaserit
705 699 837 758 studiosis
858 699 899 755 di·

118 795 205 852 cendi
227 795 465 866 adolescentibus,
480 796 509 854 iu
531 807 612 872 gestu
634 795 771 853 discendo
787 795 928 852 histrio-5

118 911 187 948 num
216 910 293 948 more
318 892 473 949 elaborare.
529 892 610 953 Quid
638 901 681 948 est
707 891 812 949 oratori
839 902 898 948 tam

118 988 322 1059 necessarium,
349 1007 433 1062 quarn
460 989 534 1046 roxl
568 997 672 1058 tamen,
699 1005 745 1044 me
772 997 897 1060 auctore,

118 1102 205 1140 nemo
238 1083 537 1154 dicendi.studiosus,
565 1083 730 1140 Graecorum
763 1102 842 1142 more
869 1092 899 1140 et

117 1179 320 1254 tragoedorurn,
335 1179 397 1236 voci
417 1178 529 1248 serviet,
547 1179 595 1253 qui
616 1189 643 1235 et
664 1197 754 1236 anuos
773 1178 898 1254 complu-

118 1293 165 1332 res
185 1274 314 1332 sedentes
333 1274 526 1345 declamitant,
547 1285 576 1331 et
595 1274 731 1349 quotidie,
747 1285 897 1350 autequam
911 1284 951 1336 1o

118 1371 312 1447 pronuntient,
340 1389 436 1428 vocem
464 1371 601 1428 cubantes
627 1371 735 1442 sensim
760 1370 896 1443 excitant,

118 1467 303 1542 eandemque,
316 1484 381 1523 cum
396 1476 524 1543 egerunt,
536 1466 666 1523 sedentes
681 1467 716 1524 ab
732 1467 897 1524 acutissimo

118 1581 191 1620 sono
210 1582 300 1637 usque
314 1562 349 1620 ad
362 1563 557 1640 gravissimum
578 1580 678 1622 sonum
697 1562 849 1638 recipiunt,
867 1572 897 1621 et

118 1659 200 1734 quasi
225 1658 349 1735 quodam
380 1659 466 1716 modo
499 1658 646 1734 colligunt.
699 1657 766 1716 Hoc
792 1677 845 1716 nos
871 1657 908 1716 si·

118 1756 214 1813 facere
233 1755 361 1826 velimus,
382 1766 447 1812 ante
474 1754 699 1812 condemnentur
726 1754 756 1825 ii,
776 1772 896 1830 quorum
911 1764 942 1814 15

118 1870 220 1909 causas
246 1850 446 1927 receperimus,
466 1868 551 1924 quam
578 1849 671 1920 toties,
692 1849 801 1924 quoties
827 1868 897 1924 pre-

118 1947 261 2018 scribitur,
288 1966 416 2023 pmanem
442 1956 490 2004 aut
518 1943 711 2026 [munionem]
740 1944 895 2004 citerimus.

116 2044 208 2106 Quod
221 2044 246 2101 si
260 2043 289 2102 in
303 2054 395 2121 gestu,
409 2043 458 2118 qui
473 2042 593 2101 multum
613 2052 751 2100 oratorem
772 2042 896 2119 adjurat,

118 2150 148 2198 et
171 2140 202 2198 in
224 2157 305 2212 voce,
328 2157 390 2215 quar
412 2158 471 2197 una
492 2139 615 2196 maxime
638 2138 828 2213 eloquentiam
852 2136 896 2196 rel

118 2234 300 2293 commendat
325 2234 369 2292 vel
395 2233 524 2304 sustinet,
552 2233 697 2291 elaborare
729 2233 811 2292 nobis
836 2253 896 2292 non
909 2243 941 2294 2⁰

117 2330 202 2400 licet3
227 2349 262 2387 ac
280 2339 390 2388 tautum
410 2328 440 2386 in
460 2340 578 2404 utroque
599 2328 710 2404 assequi
735 2347 895 2405 possumus,

118 2437 265 2502 quantum,
280 2425 310 2484 in
330 2425 385 2484 hcc
406 2424 468 2483 acie
487 2424 643 2501 quotidiani
663 2425 798 2496 muneris,
812 2423 896 2501 spatii

118 2522 201 2580 nobis
221 2523 319 2592 datur3
347 2522 567 2597 quantominus
587 2531 629 2580 est
651 2520 686 2579 ad
709 2520 781 2597 juris
804 2520 896 2579 civilis

117 2616 298 2693 perdiscendi
311 2617 529 2694 occupationem
549 2616 799 2676 descendenduml
819 2615 896 2691 quod

116 2723 147 2770 et
172 2714 333 2771 summatim
359 2713 469 2790 percipi
495 2714 557 2772 siue
583 2713 715 2772 doctriud
740 2723 843 2789 potest,
867 2722 896 2770 et
909 2725 940 2776 25

116 2810 193 2868 banc
213 2810 299 2868 habet
313 2811 348 2868 ab
362 2809 417 2868 illis
434 2811 518 2868 rebus
538 2809 806 2881 dissimilitudinem,
821 2809 896 2884 quod

116 2925 171 2964 vox
184 2917 214 2966 et
225 2916 324 2985 gestus
343 2907 437 2964 subito
456 2906 540 2977 sumi,
555 2917 584 2964 et
598 2905 712 2964 aliunde
729 2904 824 2981 arripi,
837 2923 896 2962 nou

113 3013 225 3081 potest,
242 3002 315 3082 juris
328 3001 445 3076 utilitas,
459 3003 496 3062 ad
509 3019 649 3078 quamque
663 3019 788 3074 causam,
800 3015 897 3076 quam
