2109 3417
112 301 181 362 aa]
393 301 437 348 uu
459 296 623 351 carrona.
905 285 947 348 aa

113 449 198 508 cibus
217 466 281 506 esse
299 449 402 520 uoluit,
422 449 472 506 sed
494 465 532 505 ne
555 448 682 507 ornatius
708 447 823 524 quidem
851 457 900 508 aut

112 545 233 604 liberius
252 564 370 603 oausam
390 545 448 602 dici
468 563 560 616 suam,
581 563 665 620 quam
686 544 806 620 simplex
826 546 899 604 ratio

113 641 243 698 veritatis
268 641 384 699 ferebat.
438 640 559 698 Paulum
586 641 654 698 huic
681 641 773 699 Cottae
799 642 899 700 tribuit

113 738 248 814 partium,
275 738 462 795 disertissimo
495 738 681 808 adolescenti,
708 737 813 794 sororis
840 757 899 794 suut

114 833 185 890 lilio.
225 833 305 891 Dixit
325 834 394 890 item
414 852 531 890 causam
546 834 621 891 illam
635 834 756 908 quadam
771 852 806 890 ex
819 838 930 909 partes

112 927 156 990 Q
177 928 303 1000 Mucius,
324 948 403 986 more
429 948 490 998 suo,
510 929 591 986 nullo
614 941 759 1005 apparatu,
779 949 850 1006 pure
870 941 900 988 et

113 1024 251 1082 dilucide.
290 1025 379 1086 Quod
393 1025 418 1082 si
432 1035 462 1082 tu
483 1036 563 1096 tunc,
578 1025 692 1096 Crasse,
706 1025 835 1097 dixisses,
850 1027 899 1101 qui

113 1119 272 1178 subsidium
293 1121 409 1191 oratori,
424 1140 459 1180 ex
473 1121 529 1179 illis
542 1122 780 1196 disputationibus
796 1123 900 1197 quibus

113 1216 275 1294 philosophi
303 1228 430 1288 utuntur,
452 1219 487 1274 ad
513 1217 631 1275 dicendi
658 1219 781 1292 copiam,
802 1230 899 1294 peten-

113 1313 185 1369 dum
205 1331 268 1372 esse
286 1314 371 1389 paulo
391 1325 456 1370 ante
477 1313 610 1383 dicebas;
632 1324 670 1385 ct,
684 1315 708 1372 si
728 1315 780 1372 tibi
800 1334 852 1391 pro
866 1315 897 1374 P.
914 1323 945 1374 lt)

114 1407 238 1481 Rutilio,
258 1427 317 1468 nou
340 1410 574 1486 philosophorum
601 1429 689 1482 more,
710 1411 759 1468 sed
786 1421 846 1485 tuo,
867 1410 900 1470 li·

113 1505 223 1563 cuisset
245 1504 358 1575 dicere3
385 1506 513 1581 quamvis
539 1506 672 1564 scelerati
699 1506 740 1564 illi
768 1507 897 1579 luissent,

114 1600 202 1660 sicuti
216 1601 339 1673 suerunt,
352 1602 479 1677 pestiferi
494 1602 582 1673 cives,
592 1591 787 1678 supplicioque
801 1603 898 1679 digni,

114 1706 213 1755 tamen
232 1715 345 1755 omnem
366 1715 463 1756 eorum
484 1698 727 1773 importunitatem
742 1717 776 1754 ex
792 1699 899 1756 intimis

115 1793 260 1852 mentibus
279 1794 420 1852 evellisset
435 1795 478 1852 vis
496 1794 635 1852 orationis
649 1805 721 1852 tuae:
743 1813 821 1852 nunc
835 1795 899 1852 talis
915 1802 945 1850 15

115 1889 159 1947 rir
180 1889 299 1948 amissus
318 1899 371 1959 est,
385 1891 453 1947 dum
473 1909 561 1948 eausa
582 1891 622 1948 ita
641 1891 756 1963 dicitur,
773 1901 804 1948 ut
824 1891 847 1948 si
870 1891 898 1950 in

113 1984 167 2045 ills
187 1986 382 2044 commentitie
402 1986 529 2044 Platonis
549 1986 664 2044 civitate
686 2004 732 2044 res
759 1997 897 2063 ageretur.

114 2079 212 2138 Nemo
228 2081 383 2165 ingemuit,
404 2101 489 2139 nemo
516 2082 679 2140 inclamavit
705 2093 898 2158 patronorum,

114 2175 188 2234 nihil
209 2175 342 2250 cuiquam
363 2177 464 2247 doluit,
485 2195 570 2234 uerno
597 2188 640 2235 est
667 2189 792 2252 questus,
813 2199 899 2236 nemo

115 2271 321 2346 rempublicam
333 2273 501 2348 imploravit,
512 2292 597 2330 uerno
607 2275 785 2350 supplicavit.
816 2276 897 2338 Quid
913 2284 946 2333 20

115 2368 225 2426 multa‘l
250 2369 353 2444 pedem
373 2388 459 2426 nemo
486 2369 515 2426 iu
543 2370 591 2427 illo
615 2370 724 2446 judicio
751 2372 898 2448 supplosit,

114 2463 215 2537 eredo,
227 2483 266 2522 ue
279 2465 386 2523 Stoicis
398 2466 617 2524 renuntiaretur.

155 2654 232 2715 le.
263 2656 396 2715 Imitatus
421 2667 466 2714 est
492 2657 580 2716 homo
605 2658 757 2717 Romanus
780 2671 808 2718 et
832 2680 899 2720 con·

115 2753 218 2815 solaris
237 2764 360 2812 veterem
387 2754 467 2812 illum
494 2755 653 2826 Socratem,
674 2756 733 2830 qui,
754 2775 819 2814 cum
840 2776 899 2816 om·

114 2849 195 2908 nium
215 2849 441 2926 sapientissimus
460 2861 545 2922 esset,
560 2851 796 2928 sanctissimeque
818 2853 899 2911 vixis-
911 2867 943 2915 25

113 2955 167 3018 aet,
188 2945 230 3006 ita
248 2945 278 3003 in
296 2945 407 3022 judicio
434 2947 537 3022 capitis
562 2964 615 3022 pro
633 2965 664 3004 se
684 2947 745 3023 ipse
766 2948 846 3018 dixit,
868 2957 898 3006 ut

113 3059 174 3102 uon
187 3041 307 3122 supplex
325 3052 375 3102 aut
394 3059 470 3115 reus,
484 3042 536 3101 sed
553 3041 688 3120 magister
703 3053 752 3102 aut
765 3041 899 3100 domiuus
