2109 3417
120 304 177 363 tte
438 313 481 359 ns
503 314 667 361 onnnonn.
860 315 959 374 [nm

162 472 256 521 totum
275 461 370 521 simile
389 462 559 533 conticitum
587 462 631 520 vel
651 463 728 538 quod
748 462 846 521 omnis
866 474 959 521 trans·

163 558 243 629 latio,
257 576 320 632 quse
341 559 456 634 quidem
475 571 570 616 sumta
589 559 700 617 ratione
720 570 774 631 est,
797 560 834 617 sd
855 579 959 617 sensus

165 653 242 731 ipsos
262 654 437 727 admovetur,
452 656 575 713 maxims
594 655 754 727 oculorum,
768 656 817 731 qui
835 666 881 713 est
894 675 959 713 sen-

165 768 214 808 sus
247 750 411 809 acerrimum.
464 750 543 809 Nem
569 763 598 809 st
623 751 690 809 odor
716 753 901 824 urbanitatis,
930 762 958 808 et

133 845 307 903 mollitudo
326 846 520 918 humanitatis,
542 856 571 904 et
589 864 713 905 murmur
726 848 823 918 maris,
846 860 877 905 et
896 848 957 905 dul·
1022 893 1023 913 1

166 942 230 1000 cedo
256 942 404 1013 orationis,
432 953 499 1000 sunt
525 943 613 1002 ducta
634 963 650 1001 s
673 944 776 1001 ceteris
804 944 956 1001 sensibus:
1023 973 1024 991 i

166 1036 216 1098 illa
234 1055 302 1094 vero
322 1038 473 1095 oculorum
493 1039 584 1097 multo
612 1041 730 1110 seriora,
752 1058 815 1113 quae
842 1049 957 1114 ponunt
1024 1051 1025 1073 ¹

165 1151 248 1210 pene
261 1133 291 1191 in
305 1145 462 1211 conspeetu
483 1135 582 1207 animi,
597 1154 659 1210 quie
680 1153 799 1192 eernere
814 1145 843 1192 et
860 1136 957 1192 videre
1025 1129 1026 1139 ’

166 1248 225 1287 non
238 1248 398 1306 mutnus.
437 1231 519 1289 Nihil
534 1242 577 1291 est
591 1232 666 1289 enim
682 1232 711 1289 in
725 1250 820 1289 rerum
839 1232 954 1302 naturd,

120 1331 152 1381 1⁰
167 1326 250 1402 nujus
269 1345 323 1385 nos
342 1347 401 1387 non
421 1328 451 1385 in
472 1328 536 1385 eliis
555 1329 641 1385 rebus
659 1328 802 1404 possimus
815 1328 859 1385 uti
875 1346 957 1385 voea-

167 1423 236 1481 bulo
255 1433 285 1482 et
303 1424 438 1483 nomine:
465 1424 542 1481 unde
562 1424 640 1481 enim
659 1424 751 1484 simile
771 1423 842 1480 duni
862 1434 957 1499 potest

168 1518 276 1596 (potest
308 1530 402 1579 autem
428 1539 465 1579 ex
490 1520 648 1599 omnibus),
675 1519 802 1577 indidem
836 1521 957 1579 verbum
1030 1525 1031 1537 ¹

167 1634 269 1689 unum,
282 1616 357 1693 quod
378 1615 594 1673 similitudinem
615 1614 754 1685 eontinet,
774 1616 957 1688 translatum,

167 1711 265 1771 lumen
287 1712 369 1770 affert
387 1711 518 1769 orationi.
558 1710 630 1773 Quo
652 1711 680 1769 in
701 1729 806 1787 genere
830 1712 958 1786 primum

122 1811 154 1861 15
169 1808 305 1886 fugienda
323 1817 368 1865 est
388 1807 605 1866 dissimilitudo:
627 1806 730 1864 “Coeli
750 1806 886 1884 ingentes
905 1808 959 1865 sor-

168 1905 249 1961 nioes
258 1903 288 1959 :''
309 1905 438 1977 quamvis
450 1903 590 1978 spheram
604 1902 633 1959 in
647 1920 763 1959 scenam
776 1901 822 1978 (ut
833 1902 957 1982 dicitur)

169 1996 295 2056 attulerit
307 1998 436 2069 Ennius;
457 2009 553 2057 temen
568 1998 598 2057 in
611 1997 721 2074 sphnrt
741 1996 862 2057 fornicis
880 1998 959 2057 simi·

168 2092 259 2151 litudo
272 2111 330 2152 non
342 2103 436 2171 potest
449 2094 555 2153 inesse.

416 2254 433 2282 ‘⁸
441 2251 515 2314 Vive,
526 2250 639 2317 Ulysses‚
650 2250 710 2301 dum
724 2252 797 2301 licet:

121 2328 155 2379 Μ
271 2330 360 2380 Oculi·
370 2337 522 2395 postremum
534 2332 620 2381 lumen
631 2332 754 2381 radiatum
765 2331 850 2395 ἥψαθ’

153 2474 228 2535 'non
251 2475 332 2549 dixit,
353 2496 440 2555 capes
466 2496 536 2549 non,
551 2485 635 2554 pete:
658 2477 777 2535 haberet
797 2476 876 2535 enim
897 2497 958 2537 mo·

168 2590 229 2630 rem
249 2572 389 2649 sperantis
408 2573 517 2631 diutius
540 2564 603 2631 esse
628 2592 690 2631 sese
717 2572 877 2643 victurum
905 2574 956 2631 sed

168 2687 256 2745 rape:
276 2670 332 2727 hoc
345 2669 462 2727 verbum
482 2679 527 2727 est
548 2670 584 2727 sd
604 2669 633 2728 id
648 2678 783 2745 aptatum,
797 2668 875 2743 quod
890 2680 956 2727 ante

168 2764 289 2836 dixerat,
308 2765 372 2823 dum
396 2765 468 2824 licet.
522 2764 637 2823 Deinde
664 2764 816 2821 videndum
842 2775 897 2835 est,
917 2783 956 2823 ne

120 2865 153 2916 25
167 2860 252 2939 longe
266 2860 358 2920 simile
372 2861 409 2918 sit
422 2862 551 2920 ductum.

206 3012 296 3113 m
318 3051 429 3130 Syma
448 3052 629 3128 possmus,
648 3052 789 3129 ,omns
816 3050 955 3109 insensu·
