2109 3417
133 310 213 370 nrt]
415 308 458 357 nn
479 307 643 357 onnronn.
929 294 966 353 rt

135 459 324 531 inferioribus,
339 476 405 517 oum
419 478 450 516 se
462 458 729 528 relictos-sentiunt,
744 455 809 514 illos
823 462 918 513 autern

134 556 232 613 dolent
251 556 395 613 evolasse:
419 556 468 612 sed
490 556 578 613 etiarn
599 554 791 630 superioribus
812 552 919 609 invide·

133 663 179 708 tur
199 670 274 727 saepe
293 652 485 722 vehementer,
500 662 529 709 et
550 670 585 708 eo
606 651 706 727 magis,
721 650 745 707 si
766 650 919 707 intoleran-

133 748 190 805 tius
204 768 234 805 se
245 748 365 824 jactant,
380 760 409 805 et
421 748 640 823 equabilitatem
657 746 739 823 juris,
754 746 918 822 praestantii

133 845 280 921 dignitatis
308 855 356 902 aut
383 845 502 903 fortune
528 864 597 915 suus,
619 854 783 901 transeunt:
812 862 874 917 quae
895 842 951 899 si5

132 940 335 999 inflammanda
354 951 430 1011 sunt,
451 940 575 998 maxime
602 940 756 998 diuendurn
784 951 837 1011 ost,
859 957 917 997 non

132 1056 195 1093 esse
221 1038 324 1095 virtute
350 1048 446 1113 parta;
481 1037 586 1095 deinde
616 1038 701 1095 etiam
729 1036 806 1095 vitiis
833 1046 917 1111 atque

130 1134 275 1208 peccatis:
295 1143 366 1205 turn,
381 1134 405 1191 si
419 1143 503 1191 erunt
522 1134 687 1190 honestiora
709 1144 792 1208 atque
808 1133 919 1209 gravio·

132 1248 173 1298 ra,
196 1240 293 1287 tamen
319 1249 376 1289 non
403 1223 471 1287 esse*
493 1240 573 1288 tanta
597 1230 654 1287 ulla
676 1231 787 1301 merita,
812 1239 919 1304 quanta

131 1326 285 1383 insolentia
304 1327 437 1398 hominis,
458 1337 653 1401 quantumque
674 1326 827 1383 fastidium.
869 1325 917 1383 Ad
935 1334 966 1383 10

131 1423 288 1480 sedandum
316 1434 420 1495 autem,
448 1439 554 1501 magno
587 1423 637 1481 illa
668 1422 776 1493 labore,
805 1423 917 1498 magnis

130 1520 275 1595 perieulis,
290 1530 463 1595 esseparta;
485 1538 541 1577 neo
563 1519 597 1576 ad
619 1537 702 1575 suum
723 1519 916 1590 commodum,

130 1616 180 1673 sed
202 1616 238 1673 ad
259 1617 389 1687 aliorum,
410 1634 473 1672 esse
493 1616 612 1685 collata;
638 1632 765 1689 seseque,
787 1614 810 1671 si
832 1632 916 1687 quant

130 1712 249 1788 gloriam
267 1714 412 1789 peperisse
427 1712 566 1782 videatur,
581 1711 634 1768 etsi
649 1730 683 1769 ea
696 1728 754 1767 non
769 1710 806 1766 sit
820 1710 918 1784 iniqua

129 1828 241 1866 meroes
259 1810 391 1885 periculi,
405 1819 502 1865 tamen
522 1808 557 1865 ed
577 1826 636 1865 non
657 1807 804 1878 delectari,
819 1817 919 1863 totam·
935 1814 966 1863 15

129 1924 186 1979 que
213 1906 336 1981 abjicere
364 1915 449 1979 atque
472 1906 632 1980 deponere:
661 1904 837 1979 omninoque
856 1922 919 1979 per·

128 2000 284 2057 finiendum
311 2010 364 2071 est,
393 1999 540 2077 (quoniam
567 1999 696 2075 plerique
724 2009 790 2057 sunt
817 1999 916 2069 invidi,
991 2018 992 2023 ¹

127 2098 307 2172 maximeque
333 2107 378 2153 est
404 2098 461 2153 hoo
487 2114 641 2153 commune
667 2095 778 2167 vitium,
803 2105 831 2151 et
854 2113 917 2171 per·

128 2203 278 2269 vagatum
302 2191 458 2270 [invidetur
473 2203 567 2249 autern
581 2191 726 2267 prestanti
745 2191 915 2266 florentique

128 2288 280 2368 fortunae])
295 2300 326 2348 ut
341 2289 403 2345 haeo
423 2289 520 2365 opinio
541 2288 696 2359 minuatur,
711 2298 740 2345 et
754 2288 803 2347 illa
823 2287 915 2345 excel·
931 2298 963 2349 2⁰

126 2382 191 2440 lens
211 2384 347 2459 opinione
368 2385 482 2442 fortuna
502 2404 568 2442 oum
589 2384 734 2442 laboribus
750 2395 778 2442 et
792 2384 915 2442 miseriis

125 2479 269 2555 permixta
286 2500 349 2537 esse
370 2481 506 2538 rideatur.
535 2480 617 2537 *Jenr
638 2481 836 2538 misericordia
856 2498 915 2537 rno-

126 2585 219 2646 vetur‚
233 2574 258 2631 si
272 2576 306 2645 is,
321 2576 370 2650 qui
391 2577 478 2647 audit,
494 2576 599 2633 adduci
618 2588 720 2652 potest,
736 2588 767 2633 ut
781 2578 837 2647 illa,
852 2596 914 2652 quae

125 2672 164 2729 de
185 2671 275 2728 altero
295 2672 488 2747 deplorentur,
503 2672 539 2728 ad
553 2692 619 2729 suas
640 2692 684 2729 res
705 2684 829 2744 revocet,
845 2692 914 2747 quas

125 2779 176 2827 aut
203 2768 300 2826 tulerit
328 2769 454 2838 acerbas,
482 2778 530 2825 aut
563 2769 678 2839 timeat;
714 2779 770 2841 aut,
800 2770 914 2827 intuens
929 2780 961 2831 25

124 2867 224 2937 ulium,
246 2866 349 2923 erebro
370 2865 405 2923 ad
426 2865 551 2941 seipsum
572 2876 736 2925 revertatur.
777 2864 832 2937 Ita,
847 2885 914 2924 outn

122 2962 231 3040 singuli
258 2980 343 3021 nasus
369 2962 557 3021 humanarum
586 2963 763 3021 miseriarum
791 2962 913 3038 graviter

124 3059 316 3136 accipiuntur,
331 3058 356 3118 si
370 3059 505 3119 dicuntur
525 3046 666 3133 dolenter,
681 3069 741 3119 tum
760 3058 867 3117 affliota
883 3066 914 3114 et

360 3153 407 3214 2·
