<?xml version="1.0" encoding="UTF-8"?>
<!DOCTYPE html PUBLIC "-//W3C//DTD XHTML 1.0 Transitional//EN"
    "http://www.w3.org/TR/xhtml1/DTD/xhtml1-transitional.dtd">
<html xmlns="http://www.w3.org/1999/xhtml" xml:lang="en" lang="en">
 <head>
  <title>
</title>
<meta http-equiv="Content-Type" content="text/html;charset=utf-8" />
  <meta name='ocr-system' content='tesseract 3.04.00' />
  <meta name='ocr-capabilities' content='ocr_page ocr_carea ocr_par ocr_line ocrx_word'/>
</head>
<body>
  <div class='ocr_page' id='page_1' title='image "./mtciceronisadqu00dillgoog_0242.png"; bbox 0 0 2109 3417; ppageno 0'>
   <div class='ocr_carea' id='block_1_1' title="bbox 32 1136 39 1162">
    <p class='ocr_par' dir='ltr' id='par_1_1' title="bbox 32 1136 39 1162">
     <span class='ocr_line' id='line_1_1' title="bbox 32 1136 39 1162; baseline 0 0"><span class='ocrx_word' id='word_1_1' title='bbox 32 1136 39 1162; x_wconf 80' lang='lat' dir='ltr'>l</span> 
     </span>
    </p>
   </div>
   <div class='ocr_carea' id='block_1_2' title="bbox 117 274 1045 358">
    <p class='ocr_par' dir='ltr' id='par_1_2' title="bbox 117 274 1045 358">
     <span class='ocr_line' id='line_1_2' title="bbox 117 274 1045 358; baseline 0.005 -17"><span class='ocrx_word' id='word_1_2' title='bbox 117 285 154 342; x_wconf 87' lang='lat' dir='ltr'>lt)</span> <span class='ocrx_word' id='word_1_3' title='bbox 435 296 478 341; x_wconf 84' lang='lat' dir='ltr'>ns</span> <span class='ocrx_word' id='word_1_4' title='bbox 500 296 664 343; x_wconf 72' lang='lat' dir='ltr'>emmona.</span> <span class='ocrx_word' id='word_1_5' title='bbox 693 274 699 296; x_wconf 85' lang='grc'>·“</span> <span class='ocrx_word' id='word_1_6' title='bbox 866 298 905 358; x_wconf 80' lang='lat' dir='ltr'>[u.</span> <span class='ocrx_word' id='word_1_7' title='bbox 914 298 944 347; x_wconf 54' lang='lat'>11,</span> <span class='ocrx_word' id='word_1_8' title='bbox 1026 304 1045 313; x_wconf 54' lang='grc'>·’</span> 
     </span>
    </p>
   </div>
   <div class='ocr_carea' id='block_1_3' title="bbox 108 441 945 3114">
    <p class='ocr_par' dir='ltr' id='par_1_3' title="bbox 108 441 945 3114">
     <span class='ocr_line' id='line_1_3' title="bbox 160 441 943 521; baseline 0.008 -24"><span class='ocrx_word' id='word_1_9' title='bbox 160 441 185 498; x_wconf 88' lang='lat' dir='ltr'>si</span> <span class='ocrx_word' id='word_1_10' title='bbox 199 442 341 516; x_wconf 81' lang='lat' dir='ltr'>equidem,</span> <span class='ocrx_word' id='word_1_11' title='bbox 354 452 416 499; x_wconf 91' lang='lat' dir='ltr'>tum</span> <span class='ocrx_word' id='word_1_12' title='bbox 430 462 603 520; x_wconf 81' lang='lat' dir='ltr'><strong>magnopere</strong></span> <span class='ocrx_word' id='word_1_13' title='bbox 618 444 724 501; x_wconf 87' lang='lat' dir='ltr'>moveri</span> <span class='ocrx_word' id='word_1_14' title='bbox 742 444 865 521; x_wconf 86' lang='lat' dir='ltr'>judices,</span> <span class='ocrx_word' id='word_1_15' title='bbox 880 464 943 504; x_wconf 91' lang='lat' dir='ltr'>cum</span> 
     </span>
     <span class='ocr_line' id='line_1_4' title="bbox 160 538 943 609; baseline 0.005 -15"><span class='ocrx_word' id='word_1_16' title='bbox 160 538 282 595; x_wconf 86' lang='lat' dir='ltr'>excitavi</span> <span class='ocrx_word' id='word_1_17' title='bbox 303 550 435 596; x_wconf 90' lang='lat' dir='ltr'>moestum</span> <span class='ocrx_word' id='word_1_18' title='bbox 457 559 491 596; x_wconf 91' lang='lat' dir='ltr'>ac</span> <span class='ocrx_word' id='word_1_19' title='bbox 511 539 687 596; x_wconf 78' lang='lat' dir='ltr'>sordidatum</span> <span class='ocrx_word' id='word_1_20' title='bbox 708 560 816 609; x_wconf 90' lang='lat' dir='ltr'>senem,</span> <span class='ocrx_word' id='word_1_21' title='bbox 831 552 859 598; x_wconf 90' lang='lat' dir='ltr'>et</span> <span class='ocrx_word' id='word_1_22' title='bbox 880 561 943 599; x_wconf 91' lang='lat' dir='ltr'>cum</span> 
     </span>
     <span class='ocr_line' id='line_1_5' title="bbox 160 634 943 710; baseline 0.005 -19"><span class='ocrx_word' id='word_1_23' title='bbox 160 634 215 691; x_wconf 86' lang='lat' dir='ltr'>ista</span> <span class='ocrx_word' id='word_1_24' title='bbox 235 635 300 705; x_wconf 82' lang='lat' dir='ltr'>feci,</span> <span class='ocrx_word' id='word_1_25' title='bbox 320 655 383 710; x_wconf 82' lang='lat' dir='ltr'>quae</span> <span class='ocrx_word' id='word_1_26' title='bbox 406 646 447 707; x_wconf 91' lang='lat' dir='ltr'>tu,</span> <span class='ocrx_word' id='word_1_27' title='bbox 469 636 583 707; x_wconf 83' lang='lat' dir='ltr'>Crasse,</span> <span class='ocrx_word' id='word_1_28' title='bbox 604 637 713 708; x_wconf 91' lang='lat' dir='ltr'>laudas,</span> <span class='ocrx_word' id='word_1_29' title='bbox 734 656 792 693; x_wconf 96' lang='lat' dir='ltr'>non</span> <span class='ocrx_word' id='word_1_30' title='bbox 820 648 891 710; x_wconf 90' lang='lat' dir='ltr'>arte,</span> <span class='ocrx_word' id='word_1_31' title='bbox 909 639 943 695; x_wconf 90' lang='lat' dir='ltr'>de</span> 
     </span>
     <span class='ocr_line' id='line_1_6' title="bbox 160 733 942 811; baseline 0.006 -23"><span class='ocrx_word' id='word_1_32' title='bbox 160 733 217 806; x_wconf 76' lang='lat' dir='ltr'>qud</span> <span class='ocrx_word' id='word_1_33' title='bbox 237 733 304 807; x_wconf 90' lang='lat' dir='ltr'>quid</span> <span class='ocrx_word' id='word_1_34' title='bbox 325 734 425 807; x_wconf 90' lang='lat' dir='ltr'>loquar</span> <span class='ocrx_word' id='word_1_35' title='bbox 445 735 555 805; x_wconf 87' lang='lat' dir='ltr'>nescio,</span> <span class='ocrx_word' id='word_1_36' title='bbox 571 736 620 791; x_wconf 92' lang='lat' dir='ltr'>sed</span> <span class='ocrx_word' id='word_1_37' title='bbox 641 744 720 791; x_wconf 90' lang='lat' dir='ltr'>motu</span> <span class='ocrx_word' id='word_1_38' title='bbox 739 754 843 811; x_wconf 87' lang='lat' dir='ltr'>magno</span> <span class='ocrx_word' id='word_1_39' title='bbox 858 736 942 793; x_wconf 90' lang='lat' dir='ltr'>animi</span> 
     </span>
     <span class='ocr_line' id='line_1_7' title="bbox 129 827 942 901; baseline 0.009 -20"><span class='ocrx_word' id='word_1_40' title='bbox 129 834 145 881; x_wconf 86' lang='lat'><strong>5</strong></span> <span class='ocrx_word' id='word_1_41' title='bbox 162 848 196 886; x_wconf 88' lang='lat' dir='ltr'>ac</span> <span class='ocrx_word' id='word_1_42' title='bbox 209 827 317 899; x_wconf 86' lang='lat' dir='ltr'>dolore,</span> <span class='ocrx_word' id='word_1_43' title='bbox 331 840 363 885; x_wconf 89' lang='lat' dir='ltr'>ut</span> <span class='ocrx_word' id='word_1_44' title='bbox 383 830 574 886; x_wconf 86' lang='lat' dir='ltr'>discinderem</span> <span class='ocrx_word' id='word_1_45' title='bbox 595 830 733 901; x_wconf 89' lang='lat' dir='ltr'>tunicam,</span> <span class='ocrx_word' id='word_1_46' title='bbox 748 841 779 887; x_wconf 87' lang='lat' dir='ltr'>ut</span> <span class='ocrx_word' id='word_1_47' title='bbox 794 830 942 889; x_wconf 77' lang='lat' dir='ltr'>cicatrices</span> 
     </span>
     <span class='ocr_line' id='line_1_8' title="bbox 161 925 943 984; baseline 0.005 -4"><span class='ocrx_word' id='word_1_48' title='bbox 161 926 348 982; x_wconf 86' lang='lat' dir='ltr'>ostenderem.</span> <span class='ocrx_word' id='word_1_49' title='bbox 390 925 464 982; x_wconf 82' lang='lat' dir='ltr'>Cum</span> <span class='ocrx_word' id='word_1_50' title='bbox 486 926 519 983; x_wconf 84' lang='grc' dir='ltr'>Ο.</span> <span class='ocrx_word' id='word_1_51' title='bbox 542 925 653 983; x_wconf 87' lang='lat' dir='ltr'>Marius</span> <span class='ocrx_word' id='word_1_52' title='bbox 673 944 819 983; x_wconf 88' lang='lat' dir='ltr'>moerorem</span> <span class='ocrx_word' id='word_1_53' title='bbox 841 928 943 984; x_wconf 89' lang='lat' dir='ltr'>oratio·</span> 
     </span>
     <span class='ocr_line' id='line_1_9' title="bbox 159 1021 942 1098; baseline 0.004 -21"><span class='ocrx_word' id='word_1_54' title='bbox 159 1021 205 1077; x_wconf 81' lang='lat' dir='ltr'>bis</span> <span class='ocrx_word' id='word_1_55' title='bbox 231 1040 302 1078; x_wconf 81' lang='lat' dir='ltr'>meae</span> <span class='ocrx_word' id='word_1_56' title='bbox 327 1041 452 1097; x_wconf 84' lang='lat' dir='ltr'>praesens</span> <span class='ocrx_word' id='word_1_57' title='bbox 480 1041 514 1079; x_wconf 88' lang='lat' dir='ltr'>ac</span> <span class='ocrx_word' id='word_1_58' title='bbox 541 1023 644 1079; x_wconf 87' lang='lat' dir='ltr'>sedens</span> <span class='ocrx_word' id='word_1_59' title='bbox 667 1023 787 1079; x_wconf 91' lang='lat' dir='ltr'>multum</span> <span class='ocrx_word' id='word_1_60' title='bbox 812 1024 942 1098; x_wconf 89' lang='lat' dir='ltr'>lacrymis</span> 
     </span>
     <span class='ocr_line' id='line_1_10' title="bbox 160 1117 943 1195; baseline 0.005 -23"><span class='ocrx_word' id='word_1_61' title='bbox 160 1117 219 1173; x_wconf 87' lang='lat' dir='ltr'>suis</span> <span class='ocrx_word' id='word_1_62' title='bbox 240 1118 400 1193; x_wconf 81' lang='lat' dir='ltr'>adjuvaret3</span> <span class='ocrx_word' id='word_1_63' title='bbox 429 1137 551 1193; x_wconf 92' lang='lat' dir='ltr'>cumque</span> <span class='ocrx_word' id='word_1_64' title='bbox 575 1138 639 1194; x_wconf 85' lang='lat' dir='ltr'>ego,</span> <span class='ocrx_word' id='word_1_65' title='bbox 662 1119 742 1175; x_wconf 92' lang='lat' dir='ltr'>illum</span> <span class='ocrx_word' id='word_1_66' title='bbox 770 1119 871 1175; x_wconf 87' lang='lat' dir='ltr'>crebro</span> <span class='ocrx_word' id='word_1_67' title='bbox 898 1138 943 1195; x_wconf 90' lang='lat' dir='ltr'>ap-</span> 
     </span>
     <span class='ocr_line' id='line_1_11' title="bbox 158 1213 942 1289; baseline 0.004 -21"><span class='ocrx_word' id='word_1_68' title='bbox 158 1213 278 1287; x_wconf 88' lang='lat' dir='ltr'>pellans,</span> <span class='ocrx_word' id='word_1_69' title='bbox 293 1214 431 1289; x_wconf 84' lang='lat' dir='ltr'>collegam</span> <span class='ocrx_word' id='word_1_70' title='bbox 452 1214 480 1269; x_wconf 89' lang='lat' dir='ltr'>ei</span> <span class='ocrx_word' id='word_1_71' title='bbox 500 1232 582 1270; x_wconf 93' lang='lat' dir='ltr'>suum</span> <span class='ocrx_word' id='word_1_72' title='bbox 605 1213 843 1285; x_wconf 88' lang='lat' dir='ltr'>commendarem,</span> <span class='ocrx_word' id='word_1_73' title='bbox 859 1226 942 1289; x_wconf 89' lang='lat' dir='ltr'>atque</span> 
     </span>
     <span class='ocr_line' id='line_1_12' title="bbox 113 1309 942 1384; baseline 0.004 -20"><span class='ocrx_word' id='word_1_74' title='bbox 113 1317 143 1363; x_wconf 87' lang='lat'>10</span> <span class='ocrx_word' id='word_1_75' title='bbox 160 1309 251 1384; x_wconf 90' lang='lat' dir='ltr'>ipsum</span> <span class='ocrx_word' id='word_1_76' title='bbox 278 1310 446 1366; x_wconf 85' lang='lat' dir='ltr'>advocatum</span> <span class='ocrx_word' id='word_1_77' title='bbox 473 1310 506 1366; x_wconf 94' lang='lat' dir='ltr'>ad</span> <span class='ocrx_word' id='word_1_78' title='bbox 533 1328 714 1366; x_wconf 88' lang='lat' dir='ltr'>communem</span> <span class='ocrx_word' id='word_1_79' title='bbox 741 1310 942 1384; x_wconf 88' lang='lat' dir='ltr'>imperatorum</span> 
     </span>
     <span class='ocr_line' id='line_1_13' title="bbox 158 1406 942 1475; baseline 0 -12"><span class='ocrx_word' id='word_1_80' title='bbox 158 1406 300 1463; x_wconf 86' lang='lat' dir='ltr'>fortunam</span> <span class='ocrx_word' id='word_1_81' title='bbox 315 1406 524 1463; x_wconf 84' lang='lat' dir='ltr'>defendendam</span> <span class='ocrx_word' id='word_1_82' title='bbox 540 1407 718 1475; x_wconf 88' lang='lat' dir='ltr'>invocarem;</span> <span class='ocrx_word' id='word_1_83' title='bbox 740 1424 797 1461; x_wconf 92' lang='lat' dir='ltr'>non</span> <span class='ocrx_word' id='word_1_84' title='bbox 813 1406 866 1464; x_wconf 91' lang='lat' dir='ltr'>fuit</span> <span class='ocrx_word' id='word_1_85' title='bbox 880 1407 942 1463; x_wconf 81' lang='lat' dir='ltr'>baec</span> 
     </span>
     <span class='ocr_line' id='line_1_14' title="bbox 157 1502 940 1578; baseline 0 -19"><span class='ocrx_word' id='word_1_86' title='bbox 157 1503 221 1559; x_wconf 88' lang='lat' dir='ltr'>siue</span> <span class='ocrx_word' id='word_1_87' title='bbox 247 1503 319 1559; x_wconf 90' lang='lat' dir='ltr'>meis</span> <span class='ocrx_word' id='word_1_88' title='bbox 345 1503 489 1577; x_wconf 85' lang='lat' dir='ltr'>lacrymis,</span> <span class='ocrx_word' id='word_1_89' title='bbox 516 1522 574 1559; x_wconf 91' lang='lat' dir='ltr'>non</span> <span class='ocrx_word' id='word_1_90' title='bbox 603 1502 664 1559; x_wconf 85' lang='lat' dir='ltr'>sine</span> <span class='ocrx_word' id='word_1_91' title='bbox 697 1502 793 1559; x_wconf 86' lang='lat' dir='ltr'>dolore</span> <span class='ocrx_word' id='word_1_92' title='bbox 826 1520 940 1578; x_wconf 82' lang='lat' dir='ltr'>magno,</span> 
     </span>
     <span class='ocr_line' id='line_1_15' title="bbox 157 1598 942 1673; baseline 0 -17"><span class='ocrx_word' id='word_1_93' title='bbox 157 1599 311 1671; x_wconf 88' lang='lat' dir='ltr'>miseratio,</span> <span class='ocrx_word' id='word_1_94' title='bbox 332 1600 517 1673; x_wconf 89' lang='lat' dir='ltr'>omniumque</span> <span class='ocrx_word' id='word_1_95' title='bbox 544 1598 671 1655; x_wconf 88' lang='lat' dir='ltr'>Deorum</span> <span class='ocrx_word' id='word_1_96' title='bbox 695 1609 724 1655; x_wconf 89' lang='lat' dir='ltr'>et</span> <span class='ocrx_word' id='word_1_97' title='bbox 745 1598 892 1655; x_wconf 88' lang='lat' dir='ltr'>homiuum</span> <span class='ocrx_word' id='word_1_98' title='bbox 912 1608 942 1656; x_wconf 84' lang='lat' dir='ltr'>et</span> 
     </span>
     <span class='ocr_line' id='line_1_16' title="bbox 157 1694 941 1769; baseline 0 -17"><span class='ocrx_word' id='word_1_99' title='bbox 157 1696 262 1753; x_wconf 91' lang='lat' dir='ltr'>civium</span> <span class='ocrx_word' id='word_1_100' title='bbox 276 1706 306 1753; x_wconf 90' lang='lat' dir='ltr'>et</span> <span class='ocrx_word' id='word_1_101' title='bbox 325 1696 467 1753; x_wconf 89' lang='lat' dir='ltr'>sociorum</span> <span class='ocrx_word' id='word_1_102' title='bbox 490 1694 666 1769; x_wconf 80' lang='lat' dir='ltr'>imploratio:</span> <span class='ocrx_word' id='word_1_103' title='bbox 688 1694 790 1768; x_wconf 88' lang='lat' dir='ltr'>quibus</span> <span class='ocrx_word' id='word_1_104' title='bbox 810 1695 941 1752; x_wconf 87' lang='lat' dir='ltr'>omnibus</span> 
     </span>
     <span class='ocr_line' id='line_1_17' title="bbox 111 1790 941 1867; baseline 0.006 -25"><span class='ocrx_word' id='word_1_105' title='bbox 111 1796 142 1843; x_wconf 88' lang='lat'>15</span> <span class='ocrx_word' id='word_1_106' title='bbox 157 1792 260 1862; x_wconf 85' lang='lat' dir='ltr'>verbis,</span> <span class='ocrx_word' id='word_1_107' title='bbox 288 1811 350 1867; x_wconf 77' lang='lat' dir='ltr'>que</span> <span class='ocrx_word' id='word_1_108' title='bbox 378 1812 395 1849; x_wconf 86' lang='lat' dir='ltr'>a</span> <span class='ocrx_word' id='word_1_109' title='bbox 420 1810 466 1847; x_wconf 92' lang='lat' dir='ltr'>me</span> <span class='ocrx_word' id='word_1_110' title='bbox 493 1801 553 1847; x_wconf 89' lang='lat' dir='ltr'>tum</span> <span class='ocrx_word' id='word_1_111' title='bbox 581 1800 646 1847; x_wconf 88' lang='lat' dir='ltr'>sunt</span> <span class='ocrx_word' id='word_1_112' title='bbox 676 1790 780 1861; x_wconf 88' lang='lat' dir='ltr'>habita,</span> <span class='ocrx_word' id='word_1_113' title='bbox 809 1791 833 1847; x_wconf 88' lang='lat' dir='ltr'>si</span> <span class='ocrx_word' id='word_1_114' title='bbox 859 1791 941 1849; x_wconf 91' lang='lat' dir='ltr'>dolor</span> 
     </span>
     <span class='ocr_line' id='line_1_18' title="bbox 158 1886 941 1958; baseline 0 -14"><span class='ocrx_word' id='word_1_115' title='bbox 158 1888 294 1945; x_wconf 85' lang='lat' dir='ltr'>abluisset</span> <span class='ocrx_word' id='word_1_116' title='bbox 313 1906 404 1957; x_wconf 88' lang='lat' dir='ltr'>meus,</span> <span class='ocrx_word' id='word_1_117' title='bbox 424 1906 483 1943; x_wconf 89' lang='lat' dir='ltr'>non</span> <span class='ocrx_word' id='word_1_118' title='bbox 504 1887 590 1943; x_wconf 91' lang='lat' dir='ltr'>modo</span> <span class='ocrx_word' id='word_1_119' title='bbox 610 1905 669 1943; x_wconf 90' lang='lat' dir='ltr'>non</span> <span class='ocrx_word' id='word_1_120' title='bbox 690 1886 868 1958; x_wconf 88' lang='lat' dir='ltr'>miserabilis,</span> <span class='ocrx_word' id='word_1_121' title='bbox 890 1888 941 1945; x_wconf 89' lang='lat' dir='ltr'>sed</span> 
     </span>
     <span class='ocr_line' id='line_1_19' title="bbox 156 1983 942 2054; baseline 0.001 -14"><span class='ocrx_word' id='word_1_122' title='bbox 156 1984 243 2040; x_wconf 89' lang='lat' dir='ltr'>etiam</span> <span class='ocrx_word' id='word_1_123' title='bbox 270 1984 423 2054; x_wconf 89' lang='lat' dir='ltr'>irridenda,</span> <span class='ocrx_word' id='word_1_124' title='bbox 451 1984 550 2040; x_wconf 87' lang='lat' dir='ltr'>fuisset</span> <span class='ocrx_word' id='word_1_125' title='bbox 584 1983 675 2039; x_wconf 88' lang='lat' dir='ltr'>oratio</span> <span class='ocrx_word' id='word_1_126' title='bbox 706 2002 777 2041; x_wconf 90' lang='lat' dir='ltr'>mea.</span> <span class='ocrx_word' id='word_1_127' title='bbox 830 1983 942 2045; x_wconf 82' lang='lat' dir='ltr'>Quam-</span> 
     </span>
     <span class='ocr_line' id='line_1_20' title="bbox 156 2076 942 2152; baseline -0.001 -17"><span class='ocrx_word' id='word_1_128' title='bbox 156 2079 254 2135; x_wconf 90' lang='lat' dir='ltr'>obrem</span> <span class='ocrx_word' id='word_1_129' title='bbox 276 2076 331 2133; x_wconf 93' lang='lat' dir='ltr'>hoc</span> <span class='ocrx_word' id='word_1_130' title='bbox 351 2096 399 2133; x_wconf 84' lang='lat' dir='ltr'>vos</span> <span class='ocrx_word' id='word_1_131' title='bbox 420 2078 521 2147; x_wconf 90' lang='lat' dir='ltr'>doceo,</span> <span class='ocrx_word' id='word_1_132' title='bbox 544 2076 664 2151; x_wconf 85' lang='lat' dir='ltr'>Sulpici,</span> <span class='ocrx_word' id='word_1_133' title='bbox 680 2077 771 2133; x_wconf 91' lang='lat' dir='ltr'>bonus</span> <span class='ocrx_word' id='word_1_134' title='bbox 791 2094 844 2152; x_wconf 85' lang='lat' dir='ltr'>ego</span> <span class='ocrx_word' id='word_1_135' title='bbox 863 2077 942 2135; x_wconf 89' lang='lat' dir='ltr'>vide·</span> 
     </span>
     <span class='ocr_line' id='line_1_21' title="bbox 156 2172 942 2249; baseline 0.001 -20"><span class='ocrx_word' id='word_1_136' title='bbox 156 2173 224 2230; x_wconf 90' lang='lat' dir='ltr'>licet</span> <span class='ocrx_word' id='word_1_137' title='bbox 257 2182 340 2247; x_wconf 86' lang='lat' dir='ltr'>utque</span> <span class='ocrx_word' id='word_1_138' title='bbox 373 2173 501 2229; x_wconf 85' lang='lat' dir='ltr'>eruditus</span> <span class='ocrx_word' id='word_1_139' title='bbox 529 2172 673 2249; x_wconf 88' lang='lat' dir='ltr'>magister,</span> <span class='ocrx_word' id='word_1_140' title='bbox 701 2182 732 2229; x_wconf 90' lang='lat' dir='ltr'>ut</span> <span class='ocrx_word' id='word_1_141' title='bbox 759 2172 788 2229; x_wconf 92' lang='lat' dir='ltr'>in</span> <span class='ocrx_word' id='word_1_142' title='bbox 815 2172 942 2230; x_wconf 87' lang='lat' dir='ltr'>diceudo</span> 
     </span>
     <span class='ocr_line' id='line_1_22' title="bbox 109 2268 941 2344; baseline 0.002 -21"><span class='ocrx_word' id='word_1_143' title='bbox 109 2272 141 2322; x_wconf 75' lang='lat'>2⁰</span> <span class='ocrx_word' id='word_1_144' title='bbox 156 2268 251 2338; x_wconf 86' lang='lat' dir='ltr'>irasci,</span> <span class='ocrx_word' id='word_1_145' title='bbox 272 2279 304 2325; x_wconf 92' lang='lat' dir='ltr'>ut</span> <span class='ocrx_word' id='word_1_146' title='bbox 324 2269 430 2339; x_wconf 90' lang='lat' dir='ltr'>dolere,</span> <span class='ocrx_word' id='word_1_147' title='bbox 451 2280 483 2326; x_wconf 93' lang='lat' dir='ltr'>ut</span> <span class='ocrx_word' id='word_1_148' title='bbox 502 2268 580 2338; x_wconf 87' lang='lat' dir='ltr'>llere,</span> <span class='ocrx_word' id='word_1_149' title='bbox 601 2269 722 2344; x_wconf 88' lang='lat' dir='ltr'>possitis.</span> <span class='ocrx_word' id='word_1_150' title='bbox 762 2268 941 2343; x_wconf 82' lang='lat' dir='ltr'>Quanquam</span> 
     </span>
     <span class='ocr_line' id='line_1_23' title="bbox 156 2365 942 2440; baseline 0.001 -19"><span class='ocrx_word' id='word_1_151' title='bbox 156 2365 312 2439; x_wconf 88' lang='lat' dir='ltr'>tequidem</span> <span class='ocrx_word' id='word_1_152' title='bbox 332 2365 401 2440; x_wconf 93' lang='lat' dir='ltr'>quid</span> <span class='ocrx_word' id='word_1_153' title='bbox 421 2366 477 2421; x_wconf 90' lang='lat' dir='ltr'>hoc</span> <span class='ocrx_word' id='word_1_154' title='bbox 497 2366 626 2435; x_wconf 88' lang='lat' dir='ltr'>doceam,</span> <span class='ocrx_word' id='word_1_155' title='bbox 643 2366 702 2439; x_wconf 90' lang='lat' dir='ltr'>qui,</span> <span class='ocrx_word' id='word_1_156' title='bbox 724 2365 754 2421; x_wconf 81' lang='lat' dir='ltr'>in·</span> <span class='ocrx_word' id='word_1_157' title='bbox 774 2366 942 2422; x_wconf 80' lang='lat' dir='ltr'>accusando</span> 
     </span>
     <span class='ocr_line' id='line_1_24' title="bbox 156 2462 941 2536; baseline 0 -18"><span class='ocrx_word' id='word_1_158' title='bbox 156 2462 246 2518; x_wconf 89' lang='lat' dir='ltr'>sodali</span> <span class='ocrx_word' id='word_1_159' title='bbox 267 2471 295 2519; x_wconf 87' lang='lat' dir='ltr'>et</span> <span class='ocrx_word' id='word_1_160' title='bbox 315 2475 454 2536; x_wconf 83' lang='lat' dir='ltr'>quaestore</span> <span class='ocrx_word' id='word_1_161' title='bbox 475 2480 549 2531; x_wconf 90' lang='lat' dir='ltr'>meu,</span> <span class='ocrx_word' id='word_1_162' title='bbox 564 2471 673 2517; x_wconf 88' lang='lat' dir='ltr'>tantum</span> <span class='ocrx_word' id='word_1_163' title='bbox 695 2462 860 2518; x_wconf 85' lang='lat' dir='ltr'>incendium</span> <span class='ocrx_word' id='word_1_164' title='bbox 879 2480 941 2518; x_wconf 89' lang='lat' dir='ltr'>non</span> 
     </span>
     <span class='ocr_line' id='line_1_25' title="bbox 156 2556 941 2631; baseline -0.003 -16"><span class='ocrx_word' id='word_1_165' title='bbox 156 2558 284 2615; x_wconf 90' lang='lat' dir='ltr'>oratione</span> <span class='ocrx_word' id='word_1_166' title='bbox 308 2559 410 2626; x_wconf 90' lang='lat' dir='ltr'>solum,</span> <span class='ocrx_word' id='word_1_167' title='bbox 435 2558 485 2613; x_wconf 91' lang='lat' dir='ltr'>sed</span> <span class='ocrx_word' id='word_1_168' title='bbox 509 2557 599 2613; x_wconf 90' lang='lat' dir='ltr'>multo</span> <span class='ocrx_word' id='word_1_169' title='bbox 626 2557 710 2613; x_wconf 92' lang='lat' dir='ltr'>etiam</span> <span class='ocrx_word' id='word_1_170' title='bbox 734 2556 826 2631; x_wconf 84' lang='lat' dir='ltr'>magis</span> <span class='ocrx_word' id='word_1_171' title='bbox 850 2557 887 2627; x_wconf 90' lang='lat' dir='ltr'>vi,</span> <span class='ocrx_word' id='word_1_172' title='bbox 910 2567 941 2613; x_wconf 86' lang='lat' dir='ltr'>et</span> 
     </span>
     <span class='ocr_line' id='line_1_26' title="bbox 156 2652 941 2728; baseline -0.001 -18"><span class='ocrx_word' id='word_1_173' title='bbox 156 2654 264 2725; x_wconf 90' lang='lat' dir='ltr'>dolore,</span> <span class='ocrx_word' id='word_1_174' title='bbox 279 2664 307 2710; x_wconf 91' lang='lat' dir='ltr'>et</span> <span class='ocrx_word' id='word_1_175' title='bbox 322 2654 422 2709; x_wconf 91' lang='lat' dir='ltr'>ardore</span> <span class='ocrx_word' id='word_1_176' title='bbox 443 2652 529 2709; x_wconf 87' lang='lat' dir='ltr'>animi</span> <span class='ocrx_word' id='word_1_177' title='bbox 552 2652 721 2722; x_wconf 79' lang='lat' dir='ltr'>concitdras,</span> <span class='ocrx_word' id='word_1_178' title='bbox 736 2662 768 2708; x_wconf 89' lang='lat' dir='ltr'>ut</span> <span class='ocrx_word' id='word_1_179' title='bbox 787 2670 842 2728; x_wconf 86' lang='lat' dir='ltr'>ego</span> <span class='ocrx_word' id='word_1_180' title='bbox 859 2652 941 2709; x_wconf 89' lang='lat' dir='ltr'>adid</span> 
     </span>
     <span class='ocr_line' id='line_1_27' title="bbox 108 2748 944 2826; baseline -0.001 -21"><span class='ocrx_word' id='word_1_181' title='bbox 108 2764 141 2814; x_wconf 56' lang='grc' dir='ltr'>ᾖ</span> <span class='ocrx_word' id='word_1_182' title='bbox 156 2750 390 2826; x_wconf 85' lang='lat' dir='ltr'>restinguendum</span> <span class='ocrx_word' id='word_1_183' title='bbox 409 2750 456 2805; x_wconf 82' lang='lat' dir='ltr'>vix</span> <span class='ocrx_word' id='word_1_184' title='bbox 475 2766 594 2805; x_wconf 89' lang='lat' dir='ltr'>conarer</span> <span class='ocrx_word' id='word_1_185' title='bbox 616 2748 772 2805; x_wconf 85' lang='lat' dir='ltr'>accederel</span> <span class='ocrx_word' id='word_1_186' title='bbox 822 2748 944 2805; x_wconf 90' lang='lat' dir='ltr'>Habue-</span> 
     </span>
     <span class='ocr_line' id='line_1_28' title="bbox 155 2842 942 2917; baseline -0.001 -17"><span class='ocrx_word' id='word_1_187' title='bbox 155 2863 203 2901; x_wconf 87' lang='lat' dir='ltr'>ras</span> <span class='ocrx_word' id='word_1_188' title='bbox 222 2844 298 2900; x_wconf 91' lang='lat' dir='ltr'>enim</span> <span class='ocrx_word' id='word_1_189' title='bbox 319 2854 377 2900; x_wconf 92' lang='lat' dir='ltr'>tum</span> <span class='ocrx_word' id='word_1_190' title='bbox 399 2844 495 2900; x_wconf 87' lang='lat' dir='ltr'>omnia</span> <span class='ocrx_word' id='word_1_191' title='bbox 515 2843 544 2899; x_wconf 93' lang='lat' dir='ltr'>in</span> <span class='ocrx_word' id='word_1_192' title='bbox 566 2843 653 2899; x_wconf 65' lang='lat' dir='ltr'>causa</span> <span class='ocrx_word' id='word_1_193' title='bbox 679 2842 843 2917; x_wconf 85' lang='lat' dir='ltr'>superiora:</span> <span class='ocrx_word' id='word_1_194' title='bbox 870 2843 942 2915; x_wconf 85' lang='lat' dir='ltr'>vim,-</span> 
     </span>
     <span class='ocr_line' id='line_1_29' title="bbox 157 2938 943 3018; baseline -0.005 -19"><span class='ocrx_word' id='word_1_195' title='bbox 157 2942 263 3018; x_wconf 80' lang='lat' dir='ltr'>fugam,</span> <span class='ocrx_word' id='word_1_196' title='bbox 284 2940 496 3014; x_wconf 86' lang='lat' dir='ltr'>lapidationem,</span> <span class='ocrx_word' id='word_1_197' title='bbox 521 2938 717 2995; x_wconf 86' lang='lat' dir='ltr'>crudelitatem</span> <span class='ocrx_word' id='word_1_198' title='bbox 743 2938 943 3010; x_wconf 85' lang='lat' dir='ltr'>tribuniciam,</span> 
     </span>
     <span class='ocr_line' id='line_1_30' title="bbox 157 3034 945 3114; baseline -0.005 -19"><span class='ocrx_word' id='word_1_199' title='bbox 157 3037 191 3101; x_wconf 87' lang='lat' dir='ltr'>in</span> <span class='ocrx_word' id='word_1_200' title='bbox 208 3037 351 3113; x_wconf 84' lang='lat' dir='ltr'>Caepionis</span> <span class='ocrx_word' id='word_1_201' title='bbox 376 3035 456 3114; x_wconf 82' lang='lat' dir='ltr'>gravi</span> <span class='ocrx_word' id='word_1_202' title='bbox 479 3034 689 3109; x_wconf 84' lang='lat' dir='ltr'>miserabilique</span> <span class='ocrx_word' id='word_1_203' title='bbox 710 3052 788 3105; x_wconf 83' lang='lat' dir='ltr'>casu,</span> <span class='ocrx_word' id='word_1_204' title='bbox 809 3034 840 3093; x_wconf 91' lang='lat' dir='ltr'>iu</span> <span class='ocrx_word' id='word_1_205' title='bbox 864 3034 945 3111; x_wconf 91' lang='lat' dir='ltr'>judi·</span> 
     </span>
    </p>
   </div>
   <div class='ocr_carea' id='block_1_4' title="bbox 0 0 1060 3417">
    <p class='ocr_par' dir='ltr' id='par_1_4' title="bbox 0 0 1060 3417">
     <span class='ocr_line' id='line_1_31' title="bbox 0 0 1060 3417; baseline 0 0"><span class='ocrx_word' id='word_1_206' title='bbox 0 0 1060 3417; x_wconf 95' lang='lat' dir='ltr'> </span> 
     </span>
    </p>
   </div>
  </div>
 </body>
</html>
