2109 3417
101 276 141 339 88
422 290 465 341 nr.
486 292 649 341 onarurm
857 267 929 356 [ia

146 436 233 498 luisse
247 436 396 500 fateantur.
437 441 493 514 Ae,
508 443 533 500 si
550 443 609 519 jorn
628 442 723 519 plaoet
741 459 841 501 omnes
855 452 932 502 artes

146 535 250 592 oratori
277 536 459 613 subjungere,
486 539 663 595 tolerabilius
689 548 732 595 est
757 539 802 596 sie
832 540 932 615 potius

145 630 252 702 dieere,
267 642 308 703 ut,
323 633 457 707 quoniam
478 634 593 692 dioendi
614 634 734 691 facultas
753 654 811 691 non
825 636 933 694 debeat

145 745 207 785 esse
238 728 336 803 jejuna
370 739 453 803 atque
489 729 576 799 nuda,
611 729 661 785 sed
697 748 811 804 aspersa
844 741 930 806 atque

114 830 131 879 5
145 822 280 879 distincta
290 823 441 880 multarum
455 842 551 879 rerum
562 824 690 898 jucundi
703 824 825 898 quidam
840 825 931 882 varie-

144 926 213 987 tate,
234 916 270 973 sit
290 914 358 973 boni
379 916 500 973 oratoris
526 916 617 973 multa
636 916 751 973 auribus
772 918 929 993 aooepisse,

145 1012 234 1069 multa
253 1012 366 1082 vidisse,
380 1012 470 1069 multa
491 1012 585 1069 animo
598 1022 628 1069 et
641 1010 824 1087 cogitatione,
839 1013 931 1072 multa

144 1108 231 1165 etiam
258 1108 389 1184 legendo,
410 1109 601 1185 pereurrisse;
628 1128 721 1184 neque
748 1128 792 1180 ea,
812 1119 844 1167 ut
864 1128 929 1183 sua,

144 1204 313 1279 possedisse,
329 1204 389 1274 sed,
401 1214 435 1261 ut
450 1205 552 1276 aliena,
566 1204 679 1262 libasse.
721 1204 825 1262 Fateor
838 1206 928 1278 enim,

101 1305 131 1358 lt)
146 1299 279 1357 callidum
300 1300 441 1374 quendam
462 1300 550 1370 hune,
564 1310 593 1358 et
613 1300 692 1357 nulle
709 1300 739 1372 in
753 1318 784 1357 re
803 1300 928 1359 tironem

147 1414 181 1454 ao
200 1396 310 1469 rudem,
331 1415 386 1453 neo
412 1396 596 1473 peregrinum
622 1409 707 1472 atque
733 1397 874 1472 hospitam
897 1397 929 1455 iu

147 1492 266 1570 agendo,
280 1510 343 1549 esse
357 1491 469 1550 debere.

185 1684 234 1743 LI.
266 1682 369 1758 Neque
389 1702 456 1740 vero
477 1682 539 1740 istis
564 1682 711 1759 tragoediis
737 1684 803 1756 tuis,
824 1685 930 1759 quibus

146 1781 188 1840 uti
201 1780 362 1857 philosophi
382 1781 504 1838 maxime
525 1780 626 1851 solent,
640 1780 755 1851 Crasse,
768 1781 928 1857 perturbor,

101 1880 132 1930 15
147 1877 223 1953 quod
243 1876 297 1934 ista
317 1877 422 1947 dixisti,
437 1876 582 1934 neminem
597 1895 793 1951 possesorem
808 1888 929 1951 mentes,

146 1974 196 2049 qui
222 1972 362 2043 audirent,
386 1983 434 2029 aut
460 1972 637 2029 inflammare
663 1972 797 2044 dicendo,
819 1984 868 2032 aut
887 1973 931 2033 in-

146 2068 304 2125 flammatus
324 2069 500 2144 restinguere
521 2067 603 2142 (oum
622 2086 659 2126 eo
677 2070 800 2127 maxime
814 2070 854 2127 ris
868 2088 931 2129 oro·

147 2164 217 2221 toris
242 2164 465 2239 magnitudoque
491 2167 649 2242 cernatur),
676 2164 733 2221 nisi
759 2165 807 2240 qui
833 2185 930 2224 rerum

147 2258 274 2317 omnium
301 2270 440 2328 naturam,
462 2277 556 2316 mores
576 2260 721 2317 hominum
743 2272 826 2335 atque
846 2262 931 2319 ratio-

100 2360 132 2411 au
148 2374 209 2425 nes,
223 2355 336 2429 penitus
355 2356 546 2429 perspexerit:
568 2356 597 2412 in
618 2374 676 2430 quo
695 2357 877 2432 philosophia
891 2359 930 2417 sit

147 2451 254 2509 oratori
281 2450 443 2507 necessario
469 2451 669 2526 percipienda3
700 2470 757 2526 quo
780 2453 809 2509 in
832 2456 930 2514 studio

148 2547 294 2606 hominurn
309 2565 419 2621 quoque
434 2546 728 2622 ingeniosissimorum
745 2549 932 2609 otiosissimo-

146 2662 266 2718 rumque
293 2652 367 2700 totas
395 2652 492 2699 aetates
518 2644 647 2701 videmus
680 2663 742 2701 esse
775 2647 928 2705 oontritas:

147 2759 266 2816 quorum
287 2757 341 2816 ego
362 2738 474 2812 eopiam
492 2739 776 2815 magnitudinemque
789 2742 930 2818 oognitio·

100 2844 133 2897 ⁹5
148 2838 192 2896 uis
219 2846 303 2911 atque
331 2835 398 2893 artis
423 2852 482 2891 non
509 2835 595 2892 modo
614 2854 673 2891 uon
695 2847 857 2908 contemno,
879 2836 930 2894 sed

145 2934 233 2992 etiarn
247 2932 429 2990 vehementer
450 2930 590 2989 admiror:
611 2931 693 2989 nobis
712 2942 817 3003 tamen,
831 2932 881 3007 qui
899 2932 930 2992 ia

148 3030 205 3090 hoo
229 3028 335 3107 populo
362 3027 479 3105 loroque
506 3044 659 3099 versamur,
680 3028 749 3087 satis
774 3036 818 3085 eat
838 3043 875 3087 ea
893 3028 931 3088 da
