2109 3417
123 309 193 378 158,
441 319 484 366 nu
507 319 671 366 ouunonu.
863 321 966 380 [nur.

167 467 197 526 hi
210 478 268 526 tres
282 468 363 526 heroi
375 470 464 545 pedes
481 471 510 528 in
532 471 674 547 principia
693 469 963 530 continuandorum

167 566 317 622 verborum
332 566 401 622 satis
413 567 519 623 decore
533 565 648 625 cadunt.

207 662 348 719 Probatur
363 671 458 721 autem
472 663 623 722 abeodem
643 662 692 720 illo
712 663 839 720 maxime
859 685 945 740 paeon
954 685 962 733 ;

168 758 217 833 qui
230 768 274 815 est
287 759 399 834 duplex.
439 759 517 816 Nem
539 769 587 818 aut
608 778 624 816 a
643 759 730 836 longit
751 760 854 830 oritur,
874 781 962 835 quam

137 859 226 931 ttres
239 856 339 914 breves
352 864 576 931 consequuntur,
589 869 620 914 ut
630 856 693 913 haec
704 857 800 928 verba,
813 857 962 928 Desinite,

167 952 299 1028 Incipite,
321 953 518 1028 Cmuprimitcc
547 963 596 1010 aut
618 972 634 1010 a
656 953 790 1010 brevibus
819 954 962 1029 deinceps

167 1049 268 1119 tribus,
289 1050 415 1106 extrema
434 1049 585 1124 producti,
602 1059 685 1124 atque
705 1049 803 1124 longi,
819 1051 899 1108 sicut
915 1050 962 1108 illa

168 1154 244 1214 sunt,
259 1143 446 1216 Domumont,
461 1145 621 1220 Sonipedes.
662 1145 758 1220 Atque
772 1145 814 1202 illi
834 1147 961 1221 philoso-

167 1241 225 1316 pho
245 1240 335 1297 ordiri
355 1241 450 1315 placet
470 1237 651 1315 a'superiorc
672 1259 783 1316 paeone,
801 1243 961 1317 posteriore

124 1347 155 1396 lt
168 1336 259 1394 linire.
301 1337 353 1394 Est
368 1347 461 1394 autem
476 1355 559 1411 peon
574 1336 622 1393 hic
638 1337 787 1411 posterior,
802 1357 864 1394 non
880 1339 962 1414 sylla·

169 1435 268 1491 barum
289 1452 418 1504 numero,
441 1433 490 1489 sed
512 1433 622 1490 aurium
646 1434 779 1490 mensura
804 1433 897 1510 (quod
920 1446 961 1491 est

170 1531 265 1589 acrius
282 1530 423 1606 judicium
438 1540 467 1586 et
480 1529 612 1608 certius),
626 1547 677 1604 par
693 1529 753 1586 fere
773 1532 897 1602 creuco,
914 1532 960 1606 qui

169 1637 213 1684 eet
226 1646 261 1685 ex
274 1627 362 1704 longai
375 1636 405 1683 et
418 1626 496 1684 brevi
509 1635 540 1681 et
552 1625 656 1702 longia:
679 1635 711 1682 ut

201 1780 216 1805 “
225 1775 293 1833 Quid
304 1781 386 1838 petam
397 1773 513 1837 presidii,
524 1779 568 1822 aut
577 1776 715 1836 exsequar?
731 1790 812 1836 quove
823 1791 895 1824 nunc
903 1780 914 1823 ,²
921 1777 936 1796 ”

124 1927 156 1975 15
171 1931 188 1968 a
201 1929 258 1985 quo
278 1924 398 1967 numero
418 1926 537 1966 exorsus
557 1918 600 1964 est
617 1908 756 1980 Fannius,
772 1915 790 1942 “
802 1911 844 1980 Si,
860 1911 961 1973 Quiri-

170 2017 223 2077 tes,
237 2006 330 2063 minas
350 2005 455 2062 illius.'’
497 2004 587 2062 Hunc
601 2004 648 2061 ille
662 2005 798 2062 clausulis
820 2008 959 2082 aptiorem
1028 2065 1029 2070 ,

170 2113 260 2180 putat,
275 2121 345 2176 quas
362 2102 423 2158 vult
441 2101 529 2178 longai
550 2101 714 2176 plerumque
735 2101 843 2176 sy‘llabri
865 2107 960 2162 termi-

169 2217 241 2257 narr.

208 2392 348 2451 XLVIII.
379 2391 484 2468 Neque
496 2411 564 2451 vero
585 2393 647 2450 haec
667 2402 725 2451 tam
746 2411 841 2450 acrem
859 2413 957 2453 curam

123 2506 155 2556 20
170 2489 405 2566 diligentiamque
425 2489 598 2560 desiderant,
619 2507 704 2564 quarn
729 2498 771 2546 est
792 2489 842 2546 illu
860 2496 957 2566 pocta·
1026 2499 1027 2523 ¹

169 2605 249 2657 rum;
278 2606 350 2663 quos
376 2586 534 2644 necessitas
557 2586 646 2662 cogit,
667 2595 696 2642 et
716 2585 768 2661 ipsi
789 2588 904 2644 numeri
925 2607 956 2645 ec

169 2683 258 2755 modi,
273 2684 316 2741 sic
337 2684 422 2740 verba
442 2701 525 2739 versu
546 2682 704 2753 includere,
720 2691 751 2738 ut
769 2681 841 2738 nihil
860 2684 907 2756 sit,
922 2703 956 2741 nc
1025 2691 1026 2731 l

169 2780 269 2856 spiritu
282 2780 399 2854 quidem
412 2779 542 2850 minimo,
556 2779 670 2836 brevius
685 2787 733 2836 aut
746 2777 860 2855 longius
874 2799 955 2856 quam

169 2895 289 2935 necesse
316 2885 366 2931 est.
408 2875 538 2932 Liberior
563 2884 607 2931 eat
633 2875 735 2948 oratio,
759 2883 788 2932 et
807 2875 905 2950 plane,
925 2885 955 2933 ut
1024 2875 1025 2942 l

124 2974 156 3024 25
170 2973 286 3043 dicitur,
313 2969 356 3026 sic
383 2978 479 3027 otest
501 2989 567 3028 vere
590 2970 700 3035 salutm
729 2989 786 3028 non
810 2981 843 3028 ut
867 2973 956 3049 fugiat

170 3077 277 3140 tamen,
291 3074 340 3124 cut
359 3074 445 3137 erret,
458 3066 509 3125 sed
528 3076 571 3140 ut,
592 3064 655 3126 sinc
675 3065 804 3138 rimulis,
819 3067 875 3125 sibi
897 3068 956 3146 ipsa
1023 3090 1024 3151 l
