<?xml version="1.0" encoding="UTF-8"?>
<!DOCTYPE html PUBLIC "-//W3C//DTD XHTML 1.0 Transitional//EN"
    "http://www.w3.org/TR/xhtml1/DTD/xhtml1-transitional.dtd">
<html xmlns="http://www.w3.org/1999/xhtml" xml:lang="en" lang="en">
 <head>
  <title>
</title>
<meta http-equiv="Content-Type" content="text/html;charset=utf-8" />
  <meta name='ocr-system' content='tesseract 3.04.00' />
  <meta name='ocr-capabilities' content='ocr_page ocr_carea ocr_par ocr_line ocrx_word'/>
</head>
<body>
  <div class='ocr_page' id='page_1' title='image "./mtciceronisadqu00dillgoog_0037.png"; bbox 0 0 2109 3417; ppageno 0'>
   <div class='ocr_carea' id='block_1_1' title="bbox 131 224 963 301">
    <p class='ocr_par' dir='ltr' id='par_1_1' title="bbox 131 224 963 301">
     <span class='ocr_line' id='line_1_1' title="bbox 131 224 963 301; baseline -0.01 -10"><span class='ocrx_word' id='word_1_1' title='bbox 131 243 160 291; x_wconf 79' lang='grc' dir='ltr'><strong>ι.</strong></span> <span class='ocrx_word' id='word_1_2' title='bbox 171 240 201 301; x_wconf 80' lang='grc' dir='ltr'><strong>ι]</strong></span> <span class='ocrx_word' id='word_1_3' title='bbox 412 240 456 293; x_wconf 76' lang='lat' dir='ltr'><strong>nn</strong></span> <span class='ocrx_word' id='word_1_4' title='bbox 477 239 641 290; x_wconf 71' lang='lat' dir='ltr'><strong>cranone.</strong></span> <span class='ocrx_word' id='word_1_5' title='bbox 921 224 963 283; x_wconf 73' lang='grc'><strong>29</strong></span> 
     </span>
    </p>
   </div>
   <div class='ocr_carea' id='block_1_2' title="bbox 132 384 916 465">
    <p class='ocr_par' dir='ltr' id='par_1_2' title="bbox 132 384 916 465">
     <span class='ocr_line' id='line_1_2' title="bbox 132 384 916 465; baseline -0.004 -17"><span class='ocrx_word' id='word_1_6' title='bbox 132 408 186 449; x_wconf 88' lang='lat' dir='ltr'><strong>nes</strong></span> <span class='ocrx_word' id='word_1_7' title='bbox 199 389 230 447; x_wconf 90' lang='lat' dir='ltr'><strong>in</strong></span> <span class='ocrx_word' id='word_1_8' title='bbox 243 388 377 461; x_wconf 87' lang='lat' dir='ltr'><strong>dicendo,</strong></span> <span class='ocrx_word' id='word_1_9' title='bbox 388 398 418 447; x_wconf 87' lang='lat' dir='ltr'><strong>et</strong></span> <span class='ocrx_word' id='word_1_10' title='bbox 426 388 599 465; x_wconf 83' lang='lat' dir='ltr'><strong>perpolitos:</strong></span> <span class='ocrx_word' id='word_1_11' title='bbox 619 385 664 445; x_wconf 81' lang='lat' dir='ltr'><strong>rel</strong></span> <span class='ocrx_word' id='word_1_12' title='bbox 677 396 790 445; x_wconf 78' lang='lat' dir='ltr'><strong>nostros</strong></span> <span class='ocrx_word' id='word_1_13' title='bbox 803 384 916 446; x_wconf 81' lang='lat' dir='ltr'><strong>decem·</strong></span> 
     </span>
    </p>
   </div>
   <div class='ocr_carea' id='block_1_3' title="bbox 134 483 965 1331">
    <p class='ocr_par' dir='ltr' id='par_1_3' title="bbox 134 483 965 1331">
     <span class='ocr_line' id='line_1_3' title="bbox 134 483 916 562; baseline -0.001 -18"><span class='ocrx_word' id='word_1_14' title='bbox 134 488 219 558; x_wconf 85' lang='lat' dir='ltr'><strong>viros,</strong></span> <span class='ocrx_word' id='word_1_15' title='bbox 249 486 297 562; x_wconf 89' lang='lat' dir='ltr'><strong>qui</strong></span> <span class='ocrx_word' id='word_1_16' title='bbox 331 485 400 543; x_wconf 89' lang='lat' dir='ltr'>XII.</span> <span class='ocrx_word' id='word_1_17' title='bbox 434 485 546 543; x_wconf 82' lang='lat' dir='ltr'><strong>tabulas</strong></span> <span class='ocrx_word' id='word_1_18' title='bbox 577 483 814 560; x_wconf 71' lang='lat' dir='ltr'><strong>perscripserunt,</strong></span> <span class='ocrx_word' id='word_1_19' title='bbox 846 501 916 558; x_wconf 78' lang='lat' dir='ltr'><strong>quoe</strong></span> 
     </span>
     <span class='ocr_line' id='line_1_4' title="bbox 134 579 916 657; baseline -0.005 -14"><span class='ocrx_word' id='word_1_20' title='bbox 134 601 252 643; x_wconf 90' lang='lat' dir='ltr'><strong>necesse</strong></span> <span class='ocrx_word' id='word_1_21' title='bbox 272 592 315 640; x_wconf 89' lang='lat' dir='ltr'><strong>est</strong></span> <span class='ocrx_word' id='word_1_22' title='bbox 336 582 423 641; x_wconf 75' lang='lat' dir='ltr'><strong>fuisse</strong></span> <span class='ocrx_word' id='word_1_23' title='bbox 442 582 607 657; x_wconf 73' lang='lat' dir='ltr'>prudentes,</span> <span class='ocrx_word' id='word_1_24' title='bbox 622 589 797 656; x_wconf 77' lang='lat' dir='ltr'><strong>anteponant</strong></span> <span class='ocrx_word' id='word_1_25' title='bbox 812 579 843 637; x_wconf 91' lang='lat' dir='ltr'><strong>in</strong></span> <span class='ocrx_word' id='word_1_26' title='bbox 860 579 916 639; x_wconf 88' lang='lat' dir='ltr'><strong>hoc</strong></span> 
     </span>
     <span class='ocr_line' id='line_1_5' title="bbox 134 675 915 757; baseline -0.004 -20"><span class='ocrx_word' id='word_1_27' title='bbox 134 698 240 757; x_wconf 78' lang='lat' dir='ltr'><strong>genere</strong></span> <span class='ocrx_word' id='word_1_28' title='bbox 260 688 290 737; x_wconf 91' lang='lat' dir='ltr'><strong>et</strong></span> <span class='ocrx_word' id='word_1_29' title='bbox 310 680 371 736; x_wconf 84' lang='lat' dir='ltr'><strong>Ser.</strong></span> <span class='ocrx_word' id='word_1_30' title='bbox 393 677 502 749; x_wconf 84' lang='lat' dir='ltr'><strong>Galbae,</strong></span> <span class='ocrx_word' id='word_1_31' title='bbox 523 687 554 733; x_wconf 87' lang='lat' dir='ltr'><strong>et</strong></span> <span class='ocrx_word' id='word_1_32' title='bbox 572 695 672 735; x_wconf 87' lang='lat' dir='ltr'><strong>socero</strong></span> <span class='ocrx_word' id='word_1_33' title='bbox 691 686 742 735; x_wconf 86' lang='lat' dir='ltr'><strong>tuo</strong></span> <span class='ocrx_word' id='word_1_34' title='bbox 762 675 796 733; x_wconf 82' lang='grc'><strong>0.</strong></span> <span class='ocrx_word' id='word_1_35' title='bbox 817 675 915 749; x_wconf 76' lang='lat' dir='ltr'><strong>Lelio,</strong></span> 
     </span>
     <span class='ocr_line' id='line_1_6' title="bbox 135 771 949 851; baseline -0.01 -18"><span class='ocrx_word' id='word_1_36' title='bbox 135 794 206 851; x_wconf 90' lang='lat' dir='ltr'><strong>qnos</strong></span> <span class='ocrx_word' id='word_1_37' title='bbox 226 785 339 833; x_wconf 86' lang='lat' dir='ltr'><strong>constat</strong></span> <span class='ocrx_word' id='word_1_38' title='bbox 360 774 477 831; x_wconf 89' lang='lat' dir='ltr'><strong>dicendi</strong></span> <span class='ocrx_word' id='word_1_39' title='bbox 496 773 589 851; x_wconf 74' lang='lat' dir='ltr'><strong>glorid</strong></span> <span class='ocrx_word' id='word_1_40' title='bbox 608 772 781 849; x_wconf 78' lang='lat' dir='ltr'><strong>prestitisse.</strong></span> <span class='ocrx_word' id='word_1_41' title='bbox 834 771 949 831; x_wconf 82' lang='lat' dir='ltr'><strong>Nun-5</strong></span> 
     </span>
     <span class='ocr_line' id='line_1_7' title="bbox 135 868 917 947; baseline -0.005 -16"><span class='ocrx_word' id='word_1_42' title='bbox 135 891 220 947; x_wconf 84' lang='lat' dir='ltr'><strong>quam</strong></span> <span class='ocrx_word' id='word_1_43' title='bbox 240 871 317 929; x_wconf 88' lang='lat' dir='ltr'><strong>enim</strong></span> <span class='ocrx_word' id='word_1_44' title='bbox 338 871 461 947; x_wconf 84' lang='lat' dir='ltr'><strong>negabo,</strong></span> <span class='ocrx_word' id='word_1_45' title='bbox 474 888 537 927; x_wconf 88' lang='lat' dir='ltr'><strong>esse</strong></span> <span class='ocrx_word' id='word_1_46' title='bbox 551 870 688 944; x_wconf 84' lang='lat' dir='ltr'><strong>quasdam</strong></span> <span class='ocrx_word' id='word_1_47' title='bbox 702 878 778 926; x_wconf 81' lang='lat' dir='ltr'><strong>artes</strong></span> <span class='ocrx_word' id='word_1_48' title='bbox 790 868 917 945; x_wconf 83' lang='lat' dir='ltr'><strong>propriae</strong></span> 
     </span>
     <span class='ocr_line' id='line_1_8' title="bbox 135 964 918 1043; baseline -0.005 -16"><span class='ocrx_word' id='word_1_49' title='bbox 135 987 245 1039; x_wconf 89' lang='lat' dir='ltr'><strong>eorum,</strong></span> <span class='ocrx_word' id='word_1_50' title='bbox 259 967 307 1043; x_wconf 89' lang='lat' dir='ltr'><strong>qui</strong></span> <span class='ocrx_word' id='word_1_51' title='bbox 322 967 351 1025; x_wconf 95' lang='lat' dir='ltr'><strong>in</strong></span> <span class='ocrx_word' id='word_1_52' title='bbox 365 967 409 1024; x_wconf 93' lang='lat' dir='ltr'><strong>his</strong></span> <span class='ocrx_word' id='word_1_53' title='bbox 425 965 636 1043; x_wconf 77' lang='lat' dir='ltr'><strong>cognoscendis</strong></span> <span class='ocrx_word' id='word_1_54' title='bbox 656 976 741 1040; x_wconf 88' lang='lat' dir='ltr'><strong>atqne</strong></span> <span class='ocrx_word' id='word_1_55' title='bbox 760 964 918 1023; x_wconf 69' lang='lat' dir='ltr'><strong>tractandis</strong></span> 
     </span>
     <span class='ocr_line' id='line_1_9' title="bbox 135 1061 917 1139; baseline -0.005 -16"><span class='ocrx_word' id='word_1_56' title='bbox 135 1064 262 1123; x_wconf 87' lang='lat' dir='ltr'><strong>studium</strong></span> <span class='ocrx_word' id='word_1_57' title='bbox 281 1080 364 1121; x_wconf 85' lang='lat' dir='ltr'><strong>suum</strong></span> <span class='ocrx_word' id='word_1_58' title='bbox 387 1081 473 1121; x_wconf 89' lang='lat' dir='ltr'><strong>omne</strong></span> <span class='ocrx_word' id='word_1_59' title='bbox 499 1072 673 1139; x_wconf 87' lang='lat' dir='ltr'><strong>posuerunt:</strong></span> <span class='ocrx_word' id='word_1_60' title='bbox 699 1061 749 1119; x_wconf 85' lang='lat' dir='ltr'><strong>sed</strong></span> <span class='ocrx_word' id='word_1_61' title='bbox 776 1071 917 1121; x_wconf 91' lang='lat' dir='ltr'><strong>oratorem</strong></span> 
     </span>
     <span class='ocr_line' id='line_1_10' title="bbox 135 1156 918 1235; baseline -0.004 -19"><span class='ocrx_word' id='word_1_62' title='bbox 135 1160 252 1235; x_wconf 88' lang='lat' dir='ltr'><strong>plenum</strong></span> <span class='ocrx_word' id='word_1_63' title='bbox 279 1169 363 1234; x_wconf 87' lang='lat' dir='ltr'><strong>atque</strong></span> <span class='ocrx_word' id='word_1_64' title='bbox 388 1158 547 1234; x_wconf 86' lang='lat' dir='ltr'><strong>perfectum</strong></span> <span class='ocrx_word' id='word_1_65' title='bbox 567 1176 630 1214; x_wconf 84' lang='lat' dir='ltr'><strong>esse</strong></span> <span class='ocrx_word' id='word_1_66' title='bbox 648 1176 716 1215; x_wconf 90' lang='lat' dir='ltr'><strong>eum</strong></span> <span class='ocrx_word' id='word_1_67' title='bbox 742 1157 848 1229; x_wconf 87' lang='lat' dir='ltr'><strong>dicam,</strong></span> <span class='ocrx_word' id='word_1_68' title='bbox 868 1156 918 1233; x_wconf 87' lang='lat' dir='ltr'><strong>qni</strong></span> 
     </span>
     <span class='ocr_line' id='line_1_11' title="bbox 136 1253 965 1331; baseline -0.002 -18"><span class='ocrx_word' id='word_1_69' title='bbox 136 1256 174 1313; x_wconf 86' lang='lat' dir='ltr'><strong>do</strong></span> <span class='ocrx_word' id='word_1_70' title='bbox 186 1255 318 1313; x_wconf 85' lang='lat' dir='ltr'><strong>omnibus</strong></span> <span class='ocrx_word' id='word_1_71' title='bbox 330 1256 416 1313; x_wconf 90' lang='lat' dir='ltr'><strong>rebus</strong></span> <span class='ocrx_word' id='word_1_72' title='bbox 428 1254 518 1331; x_wconf 88' lang='lat' dir='ltr'><strong>possit</strong></span> <span class='ocrx_word' id='word_1_73' title='bbox 531 1253 608 1311; x_wconf 82' lang='lat' dir='ltr'><strong>varie</strong></span> <span class='ocrx_word' id='word_1_74' title='bbox 627 1253 799 1331; x_wconf 76' lang='lat' dir='ltr'><strong>copioseque</strong></span> <span class='ocrx_word' id='word_1_75' title='bbox 811 1253 917 1313; x_wconf 86' lang='lat' dir='ltr'><strong>dicere.</strong></span> <span class='ocrx_word' id='word_1_76' title='bbox 934 1260 965 1311; x_wconf 77' lang='lat'><strong>10</strong></span> 
     </span>
    </p>
   </div>
   <div class='ocr_carea' id='block_1_4' title="bbox 136 1446 971 2968">
    <p class='ocr_par' dir='ltr' id='par_1_4' title="bbox 136 1446 971 2968">
     <span class='ocr_line' id='line_1_12' title="bbox 175 1446 918 1524; baseline -0.003 -17"><span class='ocrx_word' id='word_1_77' title='bbox 175 1448 258 1510; x_wconf 86' lang='lat' dir='ltr'><strong>XIV.</strong></span> <span class='ocrx_word' id='word_1_78' title='bbox 279 1447 395 1506; x_wconf 85' lang='lat' dir='ltr'><strong>Etenim</strong></span> <span class='ocrx_word' id='word_1_79' title='bbox 414 1465 489 1524; x_wconf 82' lang='lat' dir='ltr'><strong>saepe</strong></span> <span class='ocrx_word' id='word_1_80' title='bbox 509 1447 540 1505; x_wconf 90' lang='lat' dir='ltr'><strong>in</strong></span> <span class='ocrx_word' id='word_1_81' title='bbox 561 1447 596 1505; x_wconf 84' lang='lat' dir='ltr'><strong>iis</strong></span> <span class='ocrx_word' id='word_1_82' title='bbox 615 1446 721 1521; x_wconf 69' lang='lat' dir='ltr'><strong>canem,</strong></span> <span class='ocrx_word' id='word_1_83' title='bbox 734 1464 806 1522; x_wconf 84' lang='lat' dir='ltr'><strong>quas</strong></span> <span class='ocrx_word' id='word_1_84' title='bbox 818 1466 918 1506; x_wconf 83' lang='lat' dir='ltr'><strong>omnes</strong></span> 
     </span>
     <span class='ocr_line' id='line_1_13' title="bbox 136 1544 918 1621; baseline -0.003 -19"><span class='ocrx_word' id='word_1_85' title='bbox 136 1546 266 1621; x_wconf 87' lang='lat' dir='ltr'><strong>proprias</strong></span> <span class='ocrx_word' id='word_1_86' title='bbox 284 1562 346 1603; x_wconf 88' lang='lat' dir='ltr'><strong>esse</strong></span> <span class='ocrx_word' id='word_1_87' title='bbox 367 1554 511 1601; x_wconf 87' lang='lat' dir='ltr'><strong>oratorum</strong></span> <span class='ocrx_word' id='word_1_88' title='bbox 535 1544 715 1616; x_wconf 86' lang='lat' dir='ltr'><strong>confitentur,</strong></span> <span class='ocrx_word' id='word_1_89' title='bbox 736 1554 780 1601; x_wconf 83' lang='lat' dir='ltr'><strong>est</strong></span> <span class='ocrx_word' id='word_1_90' title='bbox 800 1544 918 1620; x_wconf 85' lang='lat' dir='ltr'><strong>aliquid,</strong></span> 
     </span>
     <span class='ocr_line' id='line_1_14' title="bbox 137 1640 920 1717; baseline 0 -18"><span class='ocrx_word' id='word_1_91' title='bbox 137 1641 214 1717; x_wconf 91' lang='lat' dir='ltr'><strong>quod</strong></span> <span class='ocrx_word' id='word_1_92' title='bbox 234 1660 293 1699; x_wconf 89' lang='lat' dir='ltr'><strong>non</strong></span> <span class='ocrx_word' id='word_1_93' title='bbox 307 1660 342 1699; x_wconf 87' lang='lat' dir='ltr'><strong>ex</strong></span> <span class='ocrx_word' id='word_1_94' title='bbox 355 1659 408 1699; x_wconf 86' lang='lat' dir='ltr'><strong>usu</strong></span> <span class='ocrx_word' id='word_1_95' title='bbox 423 1640 540 1711; x_wconf 75' lang='lat' dir='ltr'><strong>sorensi,</strong></span> <span class='ocrx_word' id='word_1_96' title='bbox 555 1659 640 1715; x_wconf 86' lang='lat' dir='ltr'><strong>quom</strong></span> <span class='ocrx_word' id='word_1_97' title='bbox 653 1641 745 1699; x_wconf 85' lang='lat' dir='ltr'><strong>solum</strong></span> <span class='ocrx_word' id='word_1_98' title='bbox 759 1640 920 1699; x_wconf 84' lang='lat' dir='ltr'><strong>oratoribus</strong></span> 
     </span>
     <span class='ocr_line' id='line_1_15' title="bbox 138 1735 920 1810; baseline -0.004 -14"><span class='ocrx_word' id='word_1_99' title='bbox 138 1737 308 1810; x_wconf 77' lang='lat' dir='ltr'><strong>conceditis,</strong></span> <span class='ocrx_word' id='word_1_100' title='bbox 322 1737 374 1795; x_wconf 83' lang='lat' dir='ltr'><strong>sed</strong></span> <span class='ocrx_word' id='word_1_101' title='bbox 389 1755 426 1795; x_wconf 86' lang='lat' dir='ltr'><strong>ex</strong></span> <span class='ocrx_word' id='word_1_102' title='bbox 445 1736 612 1796; x_wconf 82' lang='lat' dir='ltr'><strong>obscuriore</strong></span> <span class='ocrx_word' id='word_1_103' title='bbox 632 1735 727 1810; x_wconf 75' lang='lat' dir='ltr'><strong>aliqud</strong></span> <span class='ocrx_word' id='word_1_104' title='bbox 746 1735 869 1793; x_wconf 75' lang='lat' dir='ltr'><strong>scientid</strong></span> <span class='ocrx_word' id='word_1_105' title='bbox 882 1735 920 1793; x_wconf 83' lang='lat' dir='ltr'><strong>sit</strong></span> 
     </span>
     <span class='ocr_line' id='line_1_16' title="bbox 138 1830 968 1910; baseline -0.004 -21"><span class='ocrx_word' id='word_1_106' title='bbox 138 1833 327 1910; x_wconf 87' lang='lat' dir='ltr'><strong>promendum</strong></span> <span class='ocrx_word' id='word_1_107' title='bbox 354 1842 439 1907; x_wconf 82' lang='lat' dir='ltr'><strong>atque</strong></span> <span class='ocrx_word' id='word_1_108' title='bbox 466 1832 646 1890; x_wconf 85' lang='lat' dir='ltr'><strong>sumendum.</strong></span> <span class='ocrx_word' id='word_1_109' title='bbox 698 1830 809 1895; x_wconf 75' lang='lat' dir='ltr'><strong>Quaero</strong></span> <span class='ocrx_word' id='word_1_110' title='bbox 833 1830 968 1902; x_wconf 87' lang='lat' dir='ltr'><strong>enim,15</strong></span> 
     </span>
     <span class='ocr_line' id='line_1_17' title="bbox 139 1927 923 2006; baseline -0.005 -18"><span class='ocrx_word' id='word_1_111' title='bbox 139 1948 210 1989; x_wconf 90' lang='lat' dir='ltr'><strong>num</strong></span> <span class='ocrx_word' id='word_1_112' title='bbox 242 1929 331 2006; x_wconf 88' lang='lat' dir='ltr'><strong>possit</strong></span> <span class='ocrx_word' id='word_1_113' title='bbox 358 1940 406 1987; x_wconf 84' lang='lat' dir='ltr'><strong>aut</strong></span> <span class='ocrx_word' id='word_1_114' title='bbox 433 1937 536 1986; x_wconf 88' lang='lat' dir='ltr'><strong>contra</strong></span> <span class='ocrx_word' id='word_1_115' title='bbox 567 1927 768 2002; x_wconf 75' lang='lat' dir='ltr'><strong>imperatorem</strong></span> <span class='ocrx_word' id='word_1_116' title='bbox 795 1937 844 1985; x_wconf 82' lang='lat' dir='ltr'><strong>eut</strong></span> <span class='ocrx_word' id='word_1_117' title='bbox 869 1944 923 2003; x_wconf 89' lang='lat' dir='ltr'><strong>pro</strong></span> 
     </span>
     <span class='ocr_line' id='line_1_18' title="bbox 140 2023 923 2102; baseline -0.008 -16"><span class='ocrx_word' id='word_1_118' title='bbox 140 2026 309 2102; x_wconf 87' lang='lat' dir='ltr'><strong>imperatore</strong></span> <span class='ocrx_word' id='word_1_119' title='bbox 329 2026 398 2097; x_wconf 86' lang='lat' dir='ltr'><strong>dici,</strong></span> <span class='ocrx_word' id='word_1_120' title='bbox 412 2025 476 2083; x_wconf 86' lang='lat' dir='ltr'><strong>sine</strong></span> <span class='ocrx_word' id='word_1_121' title='bbox 495 2024 539 2081; x_wconf 88' lang='lat' dir='ltr'><strong>rei</strong></span> <span class='ocrx_word' id='word_1_122' title='bbox 557 2023 689 2082; x_wconf 86' lang='lat' dir='ltr'><strong>militaris</strong></span> <span class='ocrx_word' id='word_1_123' title='bbox 706 2042 771 2096; x_wconf 86' lang='lat' dir='ltr'><strong>usn,</strong></span> <span class='ocrx_word' id='word_1_124' title='bbox 786 2034 835 2081; x_wconf 85' lang='lat' dir='ltr'><strong>aut</strong></span> <span class='ocrx_word' id='word_1_125' title='bbox 847 2042 923 2099; x_wconf 74' lang='lat' dir='ltr'><strong>saepe</strong></span> 
     </span>
     <span class='ocr_line' id='line_1_19' title="bbox 140 2120 924 2199; baseline -0.001 -20"><span class='ocrx_word' id='word_1_126' title='bbox 140 2123 225 2180; x_wconf 88' lang='lat' dir='ltr'><strong>etiam</strong></span> <span class='ocrx_word' id='word_1_127' title='bbox 247 2122 309 2179; x_wconf 89' lang='lat' dir='ltr'><strong>sine</strong></span> <span class='ocrx_word' id='word_1_128' title='bbox 329 2122 479 2199; x_wconf 85' lang='lat' dir='ltr'><strong>regionum</strong></span> <span class='ocrx_word' id='word_1_129' title='bbox 499 2120 676 2179; x_wconf 84' lang='lat' dir='ltr'><strong>terrestrium</strong></span> <span class='ocrx_word' id='word_1_130' title='bbox 701 2130 750 2179; x_wconf 85' lang='lat' dir='ltr'><strong>aut</strong></span> <span class='ocrx_word' id='word_1_131' title='bbox 771 2120 924 2179; x_wconf 87' lang='lat' dir='ltr'><strong>maritima·</strong></span> 
     </span>
     <span class='ocr_line' id='line_1_20' title="bbox 139 2216 923 2294; baseline -0.005 -17"><span class='ocrx_word' id='word_1_132' title='bbox 139 2238 204 2277; x_wconf 91' lang='lat' dir='ltr'><strong>rum</strong></span> <span class='ocrx_word' id='word_1_133' title='bbox 224 2218 363 2277; x_wconf 76' lang='lat' dir='ltr'><strong>scientie:</strong></span> <span class='ocrx_word' id='word_1_134' title='bbox 391 2237 459 2277; x_wconf 89' lang='lat' dir='ltr'><strong>num</strong></span> <span class='ocrx_word' id='word_1_135' title='bbox 487 2217 562 2293; x_wconf 89' lang='lat' dir='ltr'><strong>apud</strong></span> <span class='ocrx_word' id='word_1_136' title='bbox 588 2216 735 2293; x_wconf 87' lang='lat' dir='ltr'><strong>populum,</strong></span> <span class='ocrx_word' id='word_1_137' title='bbox 755 2217 792 2275; x_wconf 87' lang='lat' dir='ltr'><strong>de</strong></span> <span class='ocrx_word' id='word_1_138' title='bbox 810 2217 923 2294; x_wconf 86' lang='lat' dir='ltr'><strong>legibus</strong></span> 
     </span>
     <span class='ocr_line' id='line_1_21' title="bbox 137 2312 969 2392; baseline -0.007 -19"><span class='ocrx_word' id='word_1_139' title='bbox 137 2315 273 2392; x_wconf 88' lang='lat' dir='ltr'><strong>jubendis</strong></span> <span class='ocrx_word' id='word_1_140' title='bbox 294 2324 342 2372; x_wconf 86' lang='lat' dir='ltr'><strong>aut</strong></span> <span class='ocrx_word' id='word_1_141' title='bbox 361 2314 506 2371; x_wconf 87' lang='lat' dir='ltr'><strong>vetandis:</strong></span> <span class='ocrx_word' id='word_1_142' title='bbox 527 2332 597 2372; x_wconf 87' lang='lat' dir='ltr'><strong>num</strong></span> <span class='ocrx_word' id='word_1_143' title='bbox 618 2313 648 2371; x_wconf 89' lang='lat' dir='ltr'><strong>in</strong></span> <span class='ocrx_word' id='word_1_144' title='bbox 666 2323 768 2371; x_wconf 84' lang='lat' dir='ltr'><strong>senatu</strong></span> <span class='ocrx_word' id='word_1_145' title='bbox 788 2312 825 2371; x_wconf 89' lang='lat' dir='ltr'><strong>de</strong></span> <span class='ocrx_word' id='word_1_146' title='bbox 844 2312 923 2371; x_wconf 90' lang='lat' dir='ltr'><strong>omni</strong></span> <span class='ocrx_word' id='word_1_147' title='bbox 937 2318 969 2367; x_wconf 67' lang='grc' dir='ltr'>ω</span> 
     </span>
     <span class='ocr_line' id='line_1_22' title="bbox 141 2406 924 2489; baseline -0.003 -22"><span class='ocrx_word' id='word_1_148' title='bbox 141 2410 307 2486; x_wconf 76' lang='lat' dir='ltr'><strong>reipublice</strong></span> <span class='ocrx_word' id='word_1_149' title='bbox 333 2426 440 2487; x_wconf 78' lang='lat' dir='ltr'><strong>genere</strong></span> <span class='ocrx_word' id='word_1_150' title='bbox 468 2406 554 2489; x_wconf 88' lang='lat' dir='ltr'><strong>[dici]</strong></span> <span class='ocrx_word' id='word_1_151' title='bbox 590 2408 652 2467; x_wconf 85' lang='lat' dir='ltr'><strong>sine</strong></span> <span class='ocrx_word' id='word_1_152' title='bbox 684 2408 795 2467; x_wconf 73' lang='lat' dir='ltr'><strong>summa</strong></span> <span class='ocrx_word' id='word_1_153' title='bbox 827 2426 924 2465; x_wconf 89' lang='lat' dir='ltr'><strong>rerum</strong></span> 
     </span>
     <span class='ocr_line' id='line_1_23' title="bbox 143 2504 925 2583; baseline -0.004 -20"><span class='ocrx_word' id='word_1_154' title='bbox 143 2505 270 2565; x_wconf 86' lang='lat' dir='ltr'><strong>civilium</strong></span> <span class='ocrx_word' id='word_1_155' title='bbox 291 2505 466 2583; x_wconf 87' lang='lat' dir='ltr'><strong>cognitione,</strong></span> <span class='ocrx_word' id='word_1_156' title='bbox 487 2514 516 2563; x_wconf 90' lang='lat' dir='ltr'><strong>et</strong></span> <span class='ocrx_word' id='word_1_157' title='bbox 537 2504 705 2581; x_wconf 75' lang='lat' dir='ltr'><strong>prudentii:</strong></span> <span class='ocrx_word' id='word_1_158' title='bbox 736 2521 806 2561; x_wconf 87' lang='lat' dir='ltr'><strong>num</strong></span> <span class='ocrx_word' id='word_1_159' title='bbox 830 2504 925 2561; x_wconf 91' lang='lat' dir='ltr'><strong>admo·</strong></span> 
     </span>
     <span class='ocr_line' id='line_1_24' title="bbox 143 2599 925 2678; baseline -0.004 -17"><span class='ocrx_word' id='word_1_160' title='bbox 143 2602 204 2661; x_wconf 85' lang='lat' dir='ltr'><strong>veri</strong></span> <span class='ocrx_word' id='word_1_161' title='bbox 227 2602 318 2678; x_wconf 79' lang='lat' dir='ltr'><strong>possit</strong></span> <span class='ocrx_word' id='word_1_162' title='bbox 343 2601 436 2659; x_wconf 86' lang='lat' dir='ltr'><strong>oratio</strong></span> <span class='ocrx_word' id='word_1_163' title='bbox 463 2601 499 2659; x_wconf 86' lang='lat' dir='ltr'><strong>ad</strong></span> <span class='ocrx_word' id='word_1_164' title='bbox 525 2620 627 2659; x_wconf 86' lang='lat' dir='ltr'><strong>sensus</strong></span> <span class='ocrx_word' id='word_1_165' title='bbox 652 2599 812 2659; x_wconf 86' lang='lat' dir='ltr'><strong>animorum</strong></span> <span class='ocrx_word' id='word_1_166' title='bbox 840 2609 925 2675; x_wconf 87' lang='lat' dir='ltr'><strong>atque</strong></span> 
     </span>
     <span class='ocr_line' id='line_1_25' title="bbox 141 2694 926 2772; baseline -0.003 -17"><span class='ocrx_word' id='word_1_167' title='bbox 141 2707 238 2756; x_wconf 85' lang='lat' dir='ltr'><strong>motus</strong></span> <span class='ocrx_word' id='word_1_168' title='bbox 257 2698 300 2755; x_wconf 83' lang='lat' dir='ltr'><strong>vel</strong></span> <span class='ocrx_word' id='word_1_169' title='bbox 321 2696 551 2770; x_wconf 85' lang='lat' dir='ltr'><strong>inflammandos,</strong></span> <span class='ocrx_word' id='word_1_170' title='bbox 572 2696 615 2755; x_wconf 86' lang='lat' dir='ltr'><strong>vol</strong></span> <span class='ocrx_word' id='word_1_171' title='bbox 635 2696 722 2755; x_wconf 85' lang='lat' dir='ltr'><strong>etiam</strong></span> <span class='ocrx_word' id='word_1_172' title='bbox 743 2694 926 2772; x_wconf 83' lang='lat' dir='ltr'><strong>exstinguon-</strong></span> 
     </span>
     <span class='ocr_line' id='line_1_26' title="bbox 143 2783 971 2871; baseline -0.007 -18"><span class='ocrx_word' id='word_1_173' title='bbox 143 2794 205 2865; x_wconf 89' lang='lat' dir='ltr'><strong>dos,</strong></span> <span class='ocrx_word' id='word_1_174' title='bbox 232 2793 322 2871; x_wconf 90' lang='lat' dir='ltr'><strong>(quod</strong></span> <span class='ocrx_word' id='word_1_175' title='bbox 348 2813 436 2853; x_wconf 86' lang='lat' dir='ltr'><strong>unum</strong></span> <span class='ocrx_word' id='word_1_176' title='bbox 460 2793 491 2851; x_wconf 90' lang='lat' dir='ltr'><strong>in</strong></span> <span class='ocrx_word' id='word_1_177' title='bbox 514 2783 841 2869; x_wconf 51' lang='lat' dir='ltr'><strong>oratore‘dominatur),</strong></span> <span class='ocrx_word' id='word_1_178' title='bbox 862 2791 925 2849; x_wconf 84' lang='lat' dir='ltr'><strong>sine</strong></span> <span class='ocrx_word' id='word_1_179' title='bbox 939 2796 971 2847; x_wconf 63' lang='lat'><strong>5</strong></span> 
     </span>
     <span class='ocr_line' id='line_1_27' title="bbox 141 2887 925 2968; baseline -0.008 -19"><span class='ocrx_word' id='word_1_180' title='bbox 141 2890 363 2968; x_wconf 70' lang='lat' dir='ltr'><strong>diligentissimi</strong></span> <span class='ocrx_word' id='word_1_181' title='bbox 394 2890 635 2967; x_wconf 83' lang='lat' dir='ltr'><strong>pervestigatione</strong></span> <span class='ocrx_word' id='word_1_182' title='bbox 666 2906 765 2945; x_wconf 88' lang='lat' dir='ltr'><strong>earum</strong></span> <span class='ocrx_word' id='word_1_183' title='bbox 796 2887 925 2944; x_wconf 89' lang='lat' dir='ltr'><strong>omnium</strong></span> 
     </span>
    </p>
   </div>
   <div class='ocr_carea' id='block_1_5' title="bbox 143 2980 925 3137">
    <p class='ocr_par' dir='ltr' id='par_1_5' title="bbox 143 2980 925 3137">
     <span class='ocr_line' id='line_1_28' title="bbox 143 2980 925 3062; baseline -0.005 -17"><span class='ocrx_word' id='word_1_184' title='bbox 143 2986 382 3062; x_wconf 66' lang='lat' dir='ltr'><strong>rationumque</strong></span> <span class='ocrx_word' id='word_1_185' title='bbox 407 2987 445 3045; x_wconf 87' lang='lat' dir='ltr'><strong>de</strong></span> <span class='ocrx_word' id='word_1_186' title='bbox 470 2984 582 3045; x_wconf 84' lang='lat' dir='ltr'><strong>naturis</strong></span> <span class='ocrx_word' id='word_1_187' title='bbox 607 2982 725 3041; x_wconf 88' lang='lat' dir='ltr'><strong>hnmani</strong></span> <span class='ocrx_word' id='word_1_188' title='bbox 751 2980 865 3059; x_wconf 86' lang='lat' dir='ltr'><strong>generis</strong></span> <span class='ocrx_word' id='word_1_189' title='bbox 890 2994 925 3041; x_wconf 66' lang='lat' dir='ltr'><em>w</em></span> 
     </span>
     <span class='ocr_line' id='line_1_29' title="bbox 379 3079 426 3137; baseline -0.021 -20"><span class='ocrx_word' id='word_1_190' title='bbox 379 3079 426 3137; x_wconf 64' lang='lat'><strong>3*</strong></span> 
     </span>
    </p>
   </div>
   <div class='ocr_carea' id='block_1_6' title="bbox 0 0 1075 3417">
    <p class='ocr_par' dir='ltr' id='par_1_6' title="bbox 0 0 1075 3417">
     <span class='ocr_line' id='line_1_30' title="bbox 0 0 1075 3417; baseline 0 0"><span class='ocrx_word' id='word_1_191' title='bbox 0 0 1075 3417; x_wconf 95' lang='lat' dir='ltr'><strong> </strong></span> 
     </span>
    </p>
   </div>
  </div>
 </body>
</html>
