2109 3417
111 298 139 344 1‚.
150 298 183 358 n]
396 296 439 343 nu
461 285 628 343 onn'rortui

112 446 229 516 tabulis,
253 438 429 521 antiquitatis
455 444 575 521 effigies,
596 434 671 519 quod
692 453 722 500 et
748 442 901 500 verborum

111 544 210 618 prisea
230 552 355 600 vetustas
376 542 569 618 cognoscitur,
583 551 612 597 et
629 540 775 597 actionum
795 555 902 616 genera

113 640 245 714 quaedam
268 639 406 715 majorum
428 638 667 694 consuetudinem
690 636 834 709 vitamque
854 635 902 692 de-

113 736 242 791 clarant:
264 735 323 791 sive
343 735 407 809 quis
427 734 542 791 civilem
561 733 713 790 scientiam
730 730 903 807 contemple-

113 840 172 901 tur,
202 829 300 906 (quam
328 830 459 888 Scaevola
492 848 551 886 non
583 839 665 905 putat
692 829 812 885 oratoris
838 834 933 884 esse5

112 927 270 1004 propriam,
285 927 335 983 sed
356 926 504 1002 quusdam
525 945 561 982 ex
582 926 638 983 alio
658 944 764 1002 genere
780 924 904 1000 pruden-

114 1027 189 1103 tias),
218 1034 303 1081 totam
332 1024 417 1093 hanc,
441 1023 593 1098 descriptis
618 1023 752 1079 omuibus
778 1021 903 1079 civitatis

114 1122 287 1179 utilitatibus
315 1139 349 1178 ac
372 1120 510 1196 partibus,
536 1120 605 1177 XII.
629 1119 735 1178 tabulis
758 1118 903 1176 contineri

115 1218 241 1275 videbit:
270 1217 330 1273 sive
354 1235 438 1292 quem
460 1217 515 1273 ista
536 1227 695 1293 praepotens
721 1226 750 1273 et
777 1216 903 1293 gloriosa

114 1313 298 1391 philosophia
330 1313 464 1385 delectat,
496 1314 605 1390 (dicam
631 1313 783 1392 audacius)
814 1313 903 1369 hosce
919 1317 950 1366 1⁰

116 1410 235 1485 babebit
257 1409 350 1466 fontes
374 1410 501 1467 omnium
526 1410 750 1485 disputationum
775 1426 902 1479 suarum,

116 1508 166 1584 qui
187 1507 251 1583 jure
273 1506 349 1563 civili
372 1516 401 1563 et
421 1506 533 1583 legibus
555 1506 748 1563 continentur.
789 1504 835 1561 Ex
859 1504 904 1561 his

115 1605 194 1661 enim
220 1613 248 1660 et
272 1602 440 1679 dignitatem
465 1603 588 1660 manime
614 1603 802 1677 expetendam
826 1600 905 1658 vide·

116 1720 191 1771 mus,
215 1718 280 1756 curn
306 1718 397 1769 verus,
423 1699 525 1775 justus,
549 1708 632 1772 atque
659 1697 797 1754 honestus
823 1698 904 1753 labor

116 1797 285 1867 honoribus,
306 1796 438 1871 praemiis,
460 1795 611 1870 splendore
638 1794 806 1864 decoratur3
834 1793 904 1849 vitia
921 1792 952 1841 15

118 1904 214 1952 autern
238 1893 397 1964 hominum,
421 1901 505 1966 atque
533 1891 656 1961 fraudes,
678 1890 801 1961 damnis,
824 1889 905 1966 igno·

116 1990 225 2060 miniis,
241 1989 372 2060 vinculis,
387 1988 564 2058 verberibus,
583 1986 701 2058 exsiliis,
720 1996 812 2043 morte
832 1985 905 2043 mul·

116 2097 230 2145 tantur:
258 2095 287 2142 et
307 2086 453 2156 docemur,
474 2103 534 2142 non
561 2084 689 2154 infinitis,
714 2083 904 2141 concertatio·

117 2200 244 2259 numque
266 2182 359 2259 plenis
382 2181 633 2257 disputationibus,
657 2181 708 2237 sed
734 2182 904 2239 auctoritate

118 2290 247 2355 nutuque
267 2279 373 2356 legum,
394 2278 515 2335 domitas
535 2277 641 2334 habere
661 2277 804 2348 libidines,
821 2282 904 2335 coer·
918 2280 952 2330 20

119 2394 185 2434 cere
210 2392 309 2432 omnes
333 2374 514 2449 cupiditates,
534 2383 630 2430 nostra
651 2372 736 2445 tueri,
752 2374 788 2431 ab
801 2373 903 2431 alienis

118 2481 239 2543 mentes,
253 2470 364 2543 oculos,
379 2488 480 2528 manus
495 2470 645 2527 abstinere.

159 2664 266 2723 XLIV.
301 2665 438 2722 Fremant
471 2680 572 2719 omnes
604 2662 682 2734 lieet,
710 2661 804 2720 dicam
825 2665 902 2738 qdod

118 2762 229 2821 sentio:
256 2761 446 2819 bibliothecas
474 2759 639 2816 mehercule
662 2760 792 2816 omniurn
812 2748 903 2836 philo·
936 2759 939 2763 ⁴

118 2860 271 2935 sophorum
298 2877 372 2915 unus
404 2857 486 2914 inihi-
501 2855 612 2913 videtur
645 2855 714 2914 XII.
742 2842 951 2915 tabulatorum

116 2956 241 3025 libellus,
262 2954 286 3011 si
308 2954 372 3029 quis
393 2954 488 3031 legum
509 2952 603 3009 sontes
624 2962 653 3009 et
674 2952 769 3027 capita
789 2952 901 3022 viderit,

118 3062 147 3109 et
174 3051 353 3111 auctoritatis
385 3051 512 3126 pondere
545 3059 576 3106 et
607 3048 739 3105 utilitatis
771 3046 901 3103 ubertate

353 3146 400 3205 71
