2109 3417
127 275 157 321 a.
168 275 200 333 ι]
411 273 456 322 oc
476 273 641 321 onsaoan.
923 262 963 322 25

127 419 266 478 veritatis.
306 419 383 478 Num
402 421 428 478 si
448 421 512 497 quis
533 421 611 480 hunc
631 421 730 479 statuit
746 438 808 480 ease
823 431 916 479 orato-

129 535 202 587 rem,
223 517 271 591 qui
293 518 495 576 tantummodo·
517 519 548 576 in
571 518 645 595 jure,
668 528 716 576 aut
742 518 773 576 in
797 518 915 595 judiciis

130 612 228 686 possit,
244 622 292 670 aut
312 613 387 688 apud
407 613 553 689 populum,
575 624 622 671 aut
638 613 668 670 in
682 623 782 671 senatu
797 614 913 688 copiose

130 707 216 781 loqui,
231 718 327 765 tamen
349 708 417 766 huic
437 708 491 783 ipsi
508 709 597 766 multa
610 708 716 766 tribuat
730 719 759 766 et
772 709 915 766 concedat

129 822 248 862 necesse
261 814 313 861 est
354 803 458 879 Neque
479 805 556 861 enim
577 805 639 862 sine
654 805 743 862 multi
760 815 944 880 pertracta-5

128 900 208 958 tione
239 900 369 958 omnium
402 901 688 977 rerumpublicarum,
722 919 816 976 neque
851 901 913 958 sine

127 997 235 1073 legum,
267 1015 389 1067 morum,
420 997 493 1073 juris
526 997 658 1069 scientiis,
685 1017 778 1072 neque
811 998 928 1058 naturi.

127 1092 276 1150 hominum
303 1092 460 1169 incogniti,
489 1111 523 1150 ac
551 1093 687 1165 moribus,
715 1093 745 1151 in
773 1093 817 1151 his
844 1093 913 1168 ipsis

128 1188 214 1245 rebus
233 1188 301 1246 satis
317 1189 420 1246 callide
433 1189 549 1260 versari,
563 1200 592 1248 et
604 1189 694 1266 perite
707 1200 809 1266 potest.
849 1188 912 1251 Qui

130 1294 225 1345 autem
246 1286 308 1344 hnc
328 1286 504 1363 cognoverit,
519 1287 585 1354 sine
602 1287 706 1361 quibus
725 1305 763 1344 ne
783 1286 833 1344 illa
851 1287 913 1361 qui·
927 1295 958 1344 10

128 1381 194 1439 dem
220 1382 340 1440 minima
366 1383 396 1440 in
422 1383 518 1441 causis
545 1382 693 1459 quisquam
727 1393 805 1440 recte
838 1383 912 1441 tueri

127 1488 230 1552 potest,
244 1478 313 1552 quid
334 1478 402 1538 huic
424 1481 524 1537 abesse
543 1479 648 1554 poterit
668 1479 704 1535 de
724 1478 911 1537 maximarum

127 1591 222 1631 rerum
235 1575 378 1632 scientiil
418 1576 472 1633 Sin
491 1576 613 1633 oratoris
626 1575 697 1632 nihil
712 1575 754 1632 vis
768 1595 840 1646 esse,
854 1575 910 1634 nisi

127 1670 297 1744 composite,
323 1681 433 1742 ornate,
460 1670 577 1746 copiose
603 1671 714 1746 eloqui:
749 1689 855 1744 quaero,
882 1671 911 1728 id

127 1764 221 1840 ipsum
240 1765 290 1839 qui
310 1766 401 1840 possit
421 1766 544 1839 assequi¹
555 1767 617 1824 sine
632 1767 668 1824 st
682 1766 812 1836 scientie,
826 1785 910 1839 quam
926 1780 957 1828 15

127 1861 155 1917 ei
170 1879 228 1918 non
249 1861 405 1918 concedisl
445 1861 571 1919 Dicendi
592 1862 669 1919 enim
689 1861 787 1945 virtus,
802 1861 857 1919 nisi
873 1862 911 1933 ei,

125 1957 176 2033 qui
203 1957 284 2028 dicit,
311 1976 354 2029 ea,
382 1957 419 2014 de
446 1957 549 2033 quibus
575 1958 656 2029 dicit,
683 1967 818 2034 percepta
844 1958 910 2030 sint,

125 2064 238 2112 exstare
269 2073 329 2112 oon
361 2064 463 2130 potest.
524 2053 731 2125 Quamobrem,
757 2054 782 2112 si
810 2065 910 2114 ornate

124 2153 240 2211 locutus
259 2161 303 2210 est
321 2151 397 2209 sicut
417 2152 515 2223 fertur,
534 2161 563 2209 et
583 2151 653 2208 mihi
676 2151 796 2223 ridetur,
814 2152 909 2228 physi-

124 2267 178 2305 cus
198 2248 246 2305 ille
266 2248 467 2318 Democritum
492 2247 625 2305 materies
645 2247 695 2305 illn
714 2247 767 2305 suit
786 2248 907 2324 physici,
922 2261 954 2312 20

123 2343 161 2400 (le
174 2344 232 2418 qui
245 2343 333 2401 dixit:
354 2353 472 2400 ornatus
486 2361 553 2400 vero
568 2343 627 2418 ipse
641 2343 801 2415 verborum,
815 2352 909 2402 orato·

125 2438 165 2496 ris
189 2439 333 2515 putandus
359 2449 410 2498 est.
465 2439 512 2512 Et,
540 2439 565 2496 si
598 2439 680 2498 Plato
712 2439 748 2496 de
778 2441 863 2498 rebus
892 2459 910 2498 a

125 2533 258 2593 civilibus
273 2535 476 2593 controversiis
495 2536 701 2608 remotissimis,
715 2536 851 2594 divinitus
865 2549 909 2594 est

125 2629 240 2688 locutus
258 2631 332 2707 quod
352 2650 407 2708 ego
425 2633 572 2691 concedo:
594 2632 619 2690 si
639 2633 708 2690 item
727 2632 907 2705 Aristoteles,

125 2724 151 2783 si
171 2725 396 2802 Theophrastus,
417 2728 442 2785 si
462 2728 628 2786 Carneades
648 2729 677 2786 in
699 2728 784 2786 rebus
804 2728 850 2803 iis,
871 2730 907 2788 de
921 2745 953 2796 25

123 2821 229 2898 quibus
249 2823 471 2900 disputaverunt,
485 2824 662 2899 eloquentes,
683 2833 712 2881 et
732 2824 762 2882 in
782 2824 907 2884 dicendo

122 2937 225 2977 suaves
251 2929 335 2996 atque
360 2921 455 2978 ornati
482 2920 613 2980 suerunt:
640 2919 698 2978 sint
724 2921 767 2978 hae
793 2939 849 2992 res,
871 2920 907 2974 de

119 3015 226 3091 quibus
251 3016 407 3094 disputant,
434 3017 464 3076 in
492 3017 556 3076 aliis
584 3015 754 3093 quibusdam
787 3011 918 3077 studiis?

356 3113 376 3170 3
