2109 3417
133 243 162 289 r.
174 243 204 302 a]
418 237 461 289 nn
483 241 651 289 omrunn
937 235 975 293 17

133 410 223 469 qaam
249 392 287 449 ob
314 408 432 449 causam
465 402 614 464 venerant,
640 391 763 451 multum
789 392 865 451 inter
890 410 925 451 sa

135 507 229 563 usque
250 488 283 545 ad
305 498 464 545 extremum
484 497 596 565 tempus
616 488 675 545 diei
694 488 834 547 oolloouti
848 499 925 549 sunt

135 585 209 647 Quo
223 584 338 660 quidem
353 584 383 641 in
397 603 529 641 sermone
550 584 641 642 multu
653 584 790 643 divinitus
805 585 926 643 atribus

136 682 194 739 iuis
215 681 413 739 oonsularibus
432 680 520 739 Cotta
538 681 688 755 deplorata
703 690 734 738 et
751 698 926 739 oommemo·

136 787 200 835 rata
218 777 362 848 narrabat,
381 788 413 835 ut
432 776 504 835 nihil
525 776 676 836 incidisset
694 786 797 853 postea
814 777 956 837 civitatib

136 874 216 947 muli,
230 874 307 949 quod
327 893 386 931 non
407 873 574 949 impendere
594 874 636 931 illi
655 883 736 932 tanto
756 884 823 933 ante
841 874 926 933 vidis-

136 982 218 1028 sent:
239 989 274 1027 eo
289 981 384 1028 autem
405 970 484 1029 omui
504 989 637 1029 sermone
657 971 800 1043 confecto,
815 981 925 1029 tantam

137 1067 168 1124 in
194 1068 300 1125 Crasso
327 1067 535 1125 humanitatem
566 1067 664 1138 fuisse,
691 1077 732 1138 ut,
759 1086 827 1125 oum
852 1066 924 1126 lauti

138 1164 351 1235 accubuissent,
380 1163 528 1221 tolleretur
561 1164 657 1221 omnis
689 1163 739 1221 illa
770 1163 924 1240 superioris

136 1260 253 1317 tristitia
273 1260 423 1331 sermonis,
437 1278 529 1334 euque
548 1270 624 1318 esset
640 1260 670 1317 irr
687 1260 804 1317 homine
821 1259 970 1336 jucun-10

137 1340 222 1423 ditas,
244 1366 272 1412 et
292 1365 388 1413 tantus
408 1355 438 1412 in
460 1356 587 1431 jocando
606 1356 694 1431 lepos,
716 1365 748 1413 ut
767 1355 830 1413 dies
849 1356 923 1415 inter

136 1470 187 1519 eos
202 1452 289 1509 ouriae
304 1452 392 1509 fuisse
405 1452 559 1523 videretur,
574 1452 736 1510 oonvivium
750 1452 921 1511 Tusoulani.

135 1547 256 1606 Postero
278 1558 373 1605 autern
392 1548 449 1619 die,
471 1567 539 1606 oum
558 1548 600 1605 illi
619 1548 744 1624 majores
762 1559 832 1607 natu
853 1548 923 1607 satis

136 1644 294 1720 quiessent,
321 1654 350 1701 et
376 1643 406 1701 in
434 1644 658 1701 ambulationem
685 1653 802 1703 ventum
836 1654 922 1712 esset,

137 1742 252 1798 dicebat
272 1750 343 1812 tum,
357 1740 528 1810 scevolam,
545 1740 658 1797 duobus
677 1739 777 1814 spatiis
796 1740 922 1799 tribusve
938 1750 969 1799 15

138 1838 231 1909 fantis,
252 1837 388 1895 uixisse:
426 1836 486 1893 Cur
523 1854 583 1893 nou
619 1835 773 1906 imitamur,
807 1835 922 1907 Crasse,

138 1934 287 1991 Socratem
313 1933 403 2005 illum,
428 1932 478 2008 qui
504 1942 549 1989 est
571 1932 602 1989 in
628 1930 749 1990 phedro
775 1930 923 1990 Platonisl

136 2048 203 2088 num
223 2048 270 2087 me
290 2030 353 2087 heo
374 2040 425 2087 tua
443 2029 576 2105 platanus
601 2027 759 2099 admonuit,
779 2048 843 2103 qure
864 2047 923 2087 nou

136 2126 232 2183 minus
253 2126 288 2183 ad
308 2126 488 2201 opacandum
517 2125 596 2183 huno
622 2124 721 2184 loouru
747 2125 853 2200 patulis
879 2136 924 2183 est

137 2222 240 2281 diffusa
260 2221 357 2293 ramis,
372 2240 457 2296 quam
477 2221 536 2292 illu,
552 2221 636 2298 eujus
655 2222 786 2279 umbram
806 2232 923 2281 secutus
936 2227 968 2277 20

136 2328 180 2375 est
201 2320 346 2389 Socrates,
368 2336 431 2393 que
458 2316 528 2375 mihi
549 2318 661 2375 videtur
688 2334 748 2375 uon
774 2327 833 2376 tam
860 2317 923 2393 ipse

138 2414 252 2490 aquult,
267 2434 331 2489 que
344 2413 525 2487 describitur,
539 2434 625 2489 quum
645 2413 774 2471 Platonis
792 2412 924 2472 oratione

138 2510 277 2568 oravisse:
303 2520 335 2567 et
355 2510 432 2585 quod
452 2509 500 2567 ille
520 2508 682 2569 durissimis
701 2510 823 2585 pedibus
842 2508 922 2582 feeit,

138 2615 172 2663 ut
190 2624 221 2663 se
241 2606 377 2683 abjiceret
401 2606 431 2663 in
455 2608 583 2678 herbam,
605 2616 689 2681 atque
714 2605 756 2663 ita
780 2605 839 2677 illa,
858 2625 923 2681 quor

136 2701 298 2779 philosophi
322 2702 457 2761 divinitus
480 2702 576 2763 serunt
597 2720 663 2761 esse
684 2701 773 2774 diota,
795 2701 922 2777 loquere-
935 2706 968 2757 26

136 2807 193 2869 tur,
213 2795 243 2855 id
263 2797 336 2857 meis
354 2798 477 2874 perlibus
497 2807 576 2856 uerte
596 2796 720 2856 oonoedi
740 2806 784 2854 est
804 2796 921 2871 equina.

136 2892 216 2953 'l'um
236 2893 389 2953 Crassum:
416 2893 510 2953 Immo
531 2911 599 2953 rero
622 2892 799 2951 oommodius
816 2891 921 2955 etiamr

371 2988 420 3047 2*
