2109 3417
123 320 205 383 nrt]
358 317 361 323 ·
404 319 448 369 mr
469 319 633 370 onerose.
937 312 958 371 t

121 479 210 541 esset,
231 468 287 527 nisi
308 468 410 527 falsum
437 479 522 544 atque
549 467 709 526 imitatione
735 466 910 541 simulatum,

123 566 215 641 major
249 584 294 623 ars
330 565 426 640 aliqua
462 565 582 624 forsitan
619 575 695 623 esset
729 564 909 639 requirenda.

122 660 213 721 Nunc
249 680 314 740 ego,
347 662 417 737 quid
452 661 516 734 tibi,
553 662 667 733 Crasse,
701 661 770 737 quid
807 661 911 724 ceteris

122 758 247 830 accidat,
265 758 380 817 nescio:
401 759 439 817 de
457 778 504 815 me
524 768 630 830 autern,
652 778 740 817 cansa
759 758 838 817 nulla
856 767 909 829 est,

119 874 175 913 cor
202 856 277 931 apud
304 856 436 913 homines
465 856 703 930 prudentissimos
731 865 815 930 atque
842 855 941 914 ami-5

120 951 254 1009 cissimos
280 953 411 1013 mentiar.
461 952 543 1020 Non,
571 952 745 1023 mehercule,
773 970 909 1026 unquam,

121 1048 197 1123 apud
213 1048 337 1124 judices,
359 1060 409 1107 aut
435 1048 575 1120 dolorem,
597 1059 646 1107 aut
672 1047 909 1120 misericordiam,

121 1154 171 1202 ant
184 1144 331 1215 invidiam,
347 1156 395 1204 aut
414 1146 512 1203 odium
534 1145 659 1203 excitare
680 1145 805 1203 dicendo
821 1144 908 1216 volui,

117 1240 190 1316 quin
212 1240 282 1316 ipse,
304 1241 335 1299 in
358 1241 575 1299 commovendis
599 1241 755 1317 jndicibus,
778 1242 814 1299 iis
840 1240 909 1318 ipsis

116 1337 263 1409 sensibus,
289 1337 324 1394 ad
351 1357 422 1412 quos
448 1338 514 1396 illos
542 1338 686 1398 adducere
711 1339 823 1408 vellem,
848 1357 910 1413 per·
925 1344 956 1394 1⁰

118 1427 259 1491 moverer.
299 1434 405 1510 Neque
431 1435 509 1493 enim
537 1434 623 1495 facile
645 1444 689 1491 est
708 1434 856 1509 perticere,
878 1444 909 1493 ut

25 1568 29 1575 ·
117 1528 271 1600 irascatur,
285 1530 335 1588 cui
354 1541 386 1589 tu
406 1531 486 1601 velis,
505 1530 603 1605 judex,
618 1529 642 1586 si
662 1539 694 1587 tu
715 1529 775 1603 ipse
790 1528 818 1585 id
832 1529 909 1587 lente

118 1625 194 1691 ferre
214 1626 346 1696 ridear03
372 1644 468 1700 neque
495 1636 528 1683 ut
554 1625 656 1698 oderit.
674 1640 856 1699 eum,.quem
877 1634 908 1681 tu

117 1721 200 1793 velis,
214 1722 270 1779 nisi
283 1722 406 1797 teipsum
428 1722 597 1797 flagrantem
619 1720 687 1778 odio
709 1729 775 1777 ante
789 1719 907 1791 viderim

117 1836 213 1894 oeque
236 1818 272 1875 ad
298 1818 524 1877 misericordiam
554 1816 722 1891 edometur,
746 1816 802 1873 nisi
825 1817 853 1875 ei
876 1819 956 1875 tn15

117 1914 203 1991 signa
225 1915 331 1973 doloris
354 1915 397 1972 tui
420 1914 524 1985 verbis,
547 1913 706 1984 sententiis,
721 1932 803 1983 voce,
817 1913 906 1985 vultu,

119 2011 373 2087 collacrymatione
393 2011 526 2085 denique,
548 2010 715 2071 ostenderis.
770 2010 809 2067 Ut
829 2009 906 2069 enirn

117 2108 198 2165 nulla
210 2108 344 2165 materies
364 2119 421 2166 tarn
437 2108 530 2168 sociiis
546 2107 581 2164 ad
595 2106 837 2165 exardescendum
852 2116 905 2177 est,

117 2222 192 2278 qum,
206 2204 263 2261 nisi
283 2203 397 2263 admoto
413 2204 488 2281 igni,
506 2203 603 2279 ignem
625 2203 778 2279 concipere
799 2202 904 2277 possit;

117 2299 162 2356 sic
184 2300 265 2357 nulla
289 2319 372 2357 mens
395 2310 439 2357 est
462 2310 521 2358 tam
547 2299 582 2357 ad
607 2298 906 2374 comprehendendam
922 2305 954 2355 2⁰

118 2394 177 2451 rim
202 2396 324 2472 oratoris
353 2407 462 2472 parata,
489 2416 553 2470 qum
579 2395 668 2470 possit
696 2394 822 2466 incendi,
849 2394 905 2453 nisi

119 2490 311 2549 inflammatus
340 2492 402 2568 ipse
432 2493 468 2551 ad
496 2510 570 2563 earn,
602 2501 631 2548 et
662 2492 774 2563 ardens,
810 2510 906 2563 ecces-

116 2605 199 2647 scrts.

157 2779 266 2840 XLVI.
298 2780 355 2853 Ac,
376 2800 414 2840 ne
435 2781 509 2839 sorte
529 2781 587 2839 hoc
609 2800 744 2859 magnum
768 2800 802 2841 ac
823 2782 906 2841 mira-

117 2877 176 2941 tite
195 2896 260 2935 esse
280 2877 419 2950 videatur,
441 2878 588 2937 hominem
608 2879 692 2939 toties
712 2878 807 2951 irasci,
821 2878 906 2938 toties
921 2880 954 2931 ὕ

116 2975 226 3049 dolere,
244 2975 332 3038 toties
351 2976 430 3038 omni
452 2975 542 3036 animi
564 2986 642 3037 motu
664 2975 814 3048 concitari,
835 2994 906 3051 prc-

117 3072 216 3132 sertim
237 3072 270 3137 in
292 3073 379 3136 rebus
405 3074 517 3148 alienia
541 3092 647 3152 magna
671 3073 715 3133 vis
740 3082 784 3133 est
806 3088 904 3131 earum
