2109 3417
125 292 207 352 nn]
407 289 452 337 nn
472 287 637 336 onsronn
900 273 957 334 147

124 440 269 498 imitatur:
302 437 353 496 sed
379 448 476 497 temen
502 437 552 496 ille
577 455 633 494 nec
659 435 785 514 deligere
817 433 912 505 scirit,

124 536 209 612 cujus
231 534 411 612 potissimum
436 533 539 592 similis
562 543 647 605 esset,
671 542 709 604 et,
734 531 764 590 in
788 549 824 589 co
847 532 910 607 ipso

123 651 209 706 quem
230 631 386 707 delegerat,
401 629 507 687 imitari
527 629 615 686 etium
628 628 697 686 vitiu
710 628 807 686 voluit.
846 627 909 690 Qui

124 741 220 785 nutem
242 727 283 784 ite
302 726 399 796 saciet,
414 735 446 784 ut
464 735 586 801 oportet,
604 725 726 801 primurn
745 724 844 801 vigilet
863 743 910 782 ne·

124 842 207 882 cesse
226 833 270 881 est
290 825 319 881 in
340 822 510 898 deligendo:
532 822 647 894 deinde,
665 839 750 896 quem
770 820 940 897 probavit,5

124 921 155 980 in
175 938 211 977 eo
230 939 293 996 que
316 919 439 976 maxime
465 917 617 990 excellent,
638 937 673 976 ee
691 917 909 1002 diligentissime

122 1026 318 1093 persequetur.

162 1111 245 1174 Quid
272 1112 350 1170 enim
373 1130 469 1170 cuusae
492 1110 617 1168 censetis
640 1129 713 1182 esse,
737 1128 789 1168 cur
812 1119 909 1168 aetntes

123 1208 278 1265 extulerint
291 1202 415 1284 singulte
425 1207 540 1283 singule
551 1223 638 1281 prope
654 1225 761 1283 genere
774 1205 908 1265 dicendil

123 1303 201 1378 quud
222 1322 280 1362 non
300 1313 358 1360 turn
377 1302 463 1361 facile
476 1303 507 1359 in
520 1302 625 1359 nostrie
638 1302 799 1359 oratoribus
812 1320 909 1377 possu-
924 1301 953 1352 10

123 1418 189 1456 mus
205 1398 336 1474 judicare
357 1396 438 1474 (quie
457 1397 573 1473 scripta,
592 1415 628 1454 ex
647 1397 750 1470 quibus
767 1396 908 1472 judiciuin

123 1495 185 1552 lieri
206 1504 311 1570 posset,
325 1513 384 1551 non
404 1493 494 1551 multa
513 1512 583 1550 eene
603 1493 803 1571 reliquerunt),
823 1511 907 1568 quam

124 1589 155 1647 in
175 1589 302 1659 Grecis3
322 1606 358 1646 ex
377 1607 495 1662 quorum
516 1587 640 1663 scriptis,
661 1587 798 1662 cujusque
818 1587 909 1644 aetetie

124 1705 189 1760 que
216 1684 332 1743 dicendi
358 1684 432 1743 ratic
453 1683 646 1756 uoluntasque
669 1682 763 1753 suerit,
788 1682 908 1759 intelligi

123 1791 226 1858 potest.
267 1779 469 1854 Antiquissimi
490 1779 550 1836 lere
570 1787 646 1849 sunt,
659 1795 779 1854 quorum
794 1777 908 1852 quidem
924 1784 954 1832 15

124 1877 233 1952 scriptu
252 1886 394 1946 constent,
415 1875 551 1946 Pericles,
574 1883 659 1949 utque
683 1873 860 1945 Alcibiades,
881 1884 909 1932 et
942 1917 947 1924 ,

123 1973 226 2030 eidem
241 1981 324 2030 estete
341 1971 540 2047 Thucydides,
554 1969 682 2041 subtiles,
698 1970 783 2042 acuti,
799 1970 907 2042 breves,

124 2068 276 2127 sententiis
295 2067 387 2143 magis
406 2086 491 2141 quern
506 2066 600 2124 verbis
614 2065 799 2124 abundantes.
840 2065 908 2123 Non

124 2165 265 2242 potuisset
278 2164 421 2234 accidere,
432 2173 464 2220 ut
473 2181 562 2220 unum
577 2173 653 2220 esset
666 2162 793 2220 omnium
808 2181 908 2239 genus,

124 2262 181 2320 uisi
209 2260 331 2335 aliquem
357 2259 412 2316 sibi
439 2268 631 2334 proponerent
663 2259 697 2315 ud
731 2258 908 2317 imitandum.
923 2266 955 2317 2⁰

125 2356 285 2414 Consecuti
298 2366 365 2414 sunt
378 2356 431 2413 hos
450 2354 567 2424 Critias,
580 2353 785 2425 Theramenes,
800 2353 908 2429 Lysias.

125 2453 221 2511 Multu
240 2452 333 2527 Lysis
352 2452 459 2527 scriptu
478 2461 561 2520 sunt;
583 2449 852 2524 nonnullecritiae:
873 2451 909 2508 de

125 2549 311 2606 Theramene
331 2547 500 2607 audivimus.
550 2545 661 2604 Omnes
680 2546 765 2604 etism
787 2556 847 2604 tum
867 2565 910 2604 re·

126 2644 257 2703 tinebant
277 2643 357 2702 illum
377 2642 498 2700 Periclis
510 2657 647 2710 succuum
668 2642 717 2699 sed
732 2654 812 2698 erent
824 2642 910 2719 paulo

125 2739 260 2796 uberiore
280 2739 339 2796 tile.
388 2738 469 2795 Ecce
489 2737 542 2794 tibi
563 2746 676 2794 exortus
696 2747 739 2794 est
758 2735 909 2809 Isocrates,
924 2747 955 2798 25

124 2834 263 2912 magister
277 2834 396 2892 istorum
409 2833 549 2904 omnium,
561 2833 643 2908 cnjus
656 2850 673 2888 e
686 2831 911 2908 ludc,tenquu1n

124 2951 163 2992 ex
182 2949 257 3008 equc
276 2930 414 3007 Trojano,
434 2929 507 2988 meri
525 2928 671 3005 principes
689 2927 837 2988 exierunt:
858 2926 911 2987 sed
