2109 3417
124 308 205 367 nur
404 308 449 355 nn
468 308 630 357 omnuim
912 299 950 359 tl

125 474 210 513 nem:
237 455 429 529 mintionem,
449 467 482 515 ut
501 457 549 515 ilie
569 454 669 517 Gallu·
687 457 755 517 olim
775 456 856 515 teatio
875 456 906 515 in

124 551 271 623 Pisonem,
291 571 359 612 oum
384 554 621 611 innumerabilem
648 552 747 631 Magio
772 553 906 630 praeieoto

126 648 278 723 pecuniam
298 649 415 707 dixisset
434 650 539 721 datam,
561 650 646 724 idque
670 651 795 707 Scaurus
815 648 907 707 tenui·

125 753 185 801 tate
197 743 289 822 Magii
298 746 498 822 redargueret:
519 754 538 779 ‘⁴
548 746 662 818 Erras‚'’
675 747 776 821 inquit,
789 753 808 779 ‘⁴
818 748 908 803 Soan-

124 859 173 898 re:
203 860 259 919 ego
285 843 362 899 enim
388 842 519 920 Magium
542 862 600 901 non
623 844 807 901 oonservisae
831 843 937 914 dioo‚5

124 937 185 1009 aed,
210 948 346 1014 tanquam
371 940 466 997 nudae
492 958 582 997 nunes
607 938 724 1016 legeret,
752 939 782 997 in
808 950 906 997 ventre

125 1034 314 1091 nbatuiiaae:”
335 1044 368 1092 ut
380 1035 428 1093 ille
448 1034 490 1092 M.
505 1035 610 1093 Cioero
631 1054 726 1107 senex,
748 1035 833 1111 hujus
853 1034 906 1093 viri

122 1131 233 1206 optimi,
253 1132 344 1189 nostri
364 1132 520 1204 familiaria,
540 1139 630 1208 pater,
644 1131 797 1191 “Nostros
817 1132 907 1189 homi·

123 1244 176 1283 neo
196 1227 304 1285 similes
322 1246 385 1285 eoae
404 1228 541 1303 Syrorum
560 1227 718 1285 venalium:
739 1226 906 1302 utquisque

124 1321 231 1397 optime
243 1322 345 1380 Graeoe
358 1323 453 1395 eoiret,
467 1323 508 1381 ita
520 1340 583 1380 oeae
596 1322 827 1398 nequissimum.”
922 1329 953 1379 1⁰

163 1418 256 1475 Valde
282 1428 377 1477 antem
403 1419 532 1477 ridentur
557 1418 645 1475 etiam
672 1418 822 1495 imagines,
843 1436 906 1493 quae

124 1513 186 1572 fere
204 1513 234 1571 in
252 1514 461 1572 deformitatum
480 1514 575 1571 autin
590 1513 703 1587 aliquod
724 1512 824 1569 vitium
845 1530 907 1571 aor-

123 1610 203 1687 poria
229 1610 373 1669 ducuntur
391 1629 460 1668 oum
484 1608 672 1667 similitudino
698 1608 848 1683 turpioris3
875 1619 908 1665 ut

124 1724 220 1765 meam
240 1706 311 1764 iliud
324 1707 355 1765 in
373 1706 508 1763 Helvium
528 1703 685 1775 Manciam,
701 1702 795 1763 “dam
814 1712 908 1761 oston-

124 1803 202 1874 ann,
237 1786 397 1880 eujusmodi
428 1802 509 1859 ais:”
545 1818 610 1859 cum
645 1800 703 1873 rue,
738 1800 905 1871 nouenae,
924 1800 955 1853 ιι

124 1902 262 1973 quaeao;’'
288 1898 479 1957 demonstravi
499 1898 591 1976 digito
611 1897 719 1974 pictum
741 1896 855 1953 Gallum
876 1895 906 1955 in

124 1994 258 2054 Mariano
275 2006 360 2053 acuto
380 1995 537 2067 Cimbrioo,
557 1995 610 2053 sub
630 1994 731 2066 Novis,
746 1993 906 2065 distortum,

123 2092 218 2169 ejecti
237 2093 346 2169 lingui,
361 2092 462 2150 buceio
481 2092 652 2149 fluentibus:
673 2092 747 2149 risus
768 2100 811 2147 est
831 2109 908 2147 oom-

122 2196 235 2245 motua:
255 2187 327 2245 nihil
348 2200 405 2246 tam
425 2188 551 2247 Manoim
572 2187 664 2244 simile
683 2188 775 2245 risum
796 2196 855 2244 est:
875 2196 908 2244 nt

121 2302 192 2340 oum
216 2283 291 2341 Tito
313 2284 439 2356 Pinario,
460 2295 588 2343 mentum
615 2283 645 2340 in
671 2283 796 2341 dicendo
818 2282 908 2340 intor-
924 2288 957 2339 20

122 2378 237 2451 quenti·
250 2385 268 2413 “
277 2388 338 2437 tum
351 2389 383 2439 ut
398 2380 518 2453 diceret,
533 2380 556 2437 ai
571 2378 638 2456 quid
659 2379 751 2452 vellet,
766 2378 790 2437 si
804 2396 908 2437 nucem

126 2472 285 2549 fregissem
759 2553 760 2557 Ἰ

165 2568 262 2627 Etiam
276 2569 335 2643 illa,
348 2569 422 2647 qum,
435 2571 584 2631 minuendi
605 2568 796 2650 aut'ang‘endi
810 2570 907 2644 causi,
954 2584 956 2589 '

126 2664 166 2723 ad·
184 2664 382 2723 incredibilem
404 2667 619 2726 admirationem
640 2668 811 2738 efferuntur3
832 2666 909 2724 velut

125 2772 168 2835 tu,
189 2761 313 2834 Crasse·
325 2762 356 2820 in
376 2764 529 2838 eonoione,
550 2765 620 2823 “itu
639 2764 694 2823 sibi
715 2764 808 2839 ipsum
833 2780 911 2839 mag·
926 2768 958 2819 25

122 2860 196 2917 num
210 2855 300 2917 videri
314 2858 494 2933 Memmium,
509 2874 551 2933 ut,
564 2862 595 2920 in
610 2862 701 2919 sorum
722 2858 910 2930 descendens,
1017 2887 1018 2891 =

126 2964 213 3033 oaput
234 2955 269 3013 ad
289 2956 430 3016 fornicem
451 2957 534 3016 Fabii
556 2958 743 3017 demitteret.’'
789 2954 833 3013 Er
853 2970 912 3027 quo

127 3071 233 3130 genere
245 3053 333 3115 etiam
347 3053 417 3111 iilud
430 3064 485 3130 eat,
496 3055 573 3133 quod
584 3053 684 3133 Stipio
694 3052 769 3131 apud
782 3050 811 3110 N
813 3066 910 3109 uman-

361 3149 410 3209 4·
474 3207 477 3212 ,
