2109 3417
101 230 139 297 80
420 243 463 290 na
485 241 648 289 oaauonu.
858 241 927 300 [nr

148 392 274 451 moribus
288 392 493 469 aphilosophis
507 392 694 469 explicantur.
735 390 832 466 Atque
851 388 928 448 baud

148 490 219 561 scio,
235 509 270 547 an
285 489 379 547 minus
399 492 454 547 hoc
474 489 555 547 vobis
575 490 628 546 sim
643 489 830 564 probaturus:
851 488 929 565 equi·

147 587 212 643 dem
226 572 284 643 non
299 586 444 656 dubitabo,
456 586 531 662 quod
546 587 647 657 sentio,
659 585 764 643 dicere.
806 585 929 662 Physica

147 682 200 739 ista
228 682 297 758 ipsa,
319 693 347 740 et
374 682 584 752 mathematica,
604 692 634 739 et
660 700 723 756 quaa
748 682 834 758 paulo
862 692 928 739 ante

115 792 131 842 5
147 790 313 837 ceterarum
329 778 430 836 artium
444 778 560 854 propria
571 778 702 853 posuisti,
717 780 845 837 scientia
860 788 927 836 sunt

147 894 255 946 eorum,
278 876 327 951 qui
359 874 408 932 illa
440 875 624 950 profitentur:
658 874 797 932 illustrare
831 886 926 932 autem

147 972 275 1029 oratione
290 972 314 1027 si
328 972 392 1045 quis
406 971 474 1029 istas
488 971 563 1045 ipsas
578 981 652 1028 artes
664 971 741 1041 velit,
758 971 792 1027 ad
806 970 926 1028 oratoris

146 1068 174 1124 ei
194 1066 418 1143 confugiendum
439 1076 481 1123 est
502 1065 675 1123 facultatem.
716 1065 820 1141 Neque
838 1066 925 1137 enim,

146 1163 170 1219 ai
191 1163 340 1220 Philonem
361 1162 440 1219 illum
462 1163 659 1233 architectum,
677 1162 725 1236 qui
743 1162 926 1220 Atheniensi·

102 1273 130 1321 ιο
146 1260 198 1315 bus
233 1258 481 1316 armamentarium
515 1258 593 1330 fecit,
622 1268 743 1330 constat,
769 1258 926 1333 perdiserte
975 1280 978 1287 ·

145 1356 250 1432 populo
277 1356 417 1413 rationem
443 1356 537 1430 operis
563 1355 607 1413 sui
638 1355 805 1426 reddidisse,
832 1355 927 1412 existi·

145 1452 280 1509 mendum
295 1462 347 1523 est,
363 1452 512 1509 architecti
525 1437 621 1528 potius
641 1452 762 1509 artificio
779 1452 925 1524 disertum,

146 1567 229 1623 quarn
250 1549 379 1619 oratoris,
394 1548 489 1605 fuisse.
529 1547 605 1618 Nec,
620 1548 644 1605 si
658 1547 727 1605 huic
743 1547 784 1605 M.
799 1549 927 1607 Antonio

146 1664 196 1720 pro
211 1644 388 1705 Hermodoro
400 1645 506 1702 luisset
520 1645 556 1703 de
570 1644 712 1722 navalium
730 1664 816 1721 opere
829 1646 927 1702 dicen·

99 1754 131 1803 15
147 1740 224 1815 dum,
245 1760 313 1813 non,
335 1760 402 1799 cum
423 1743 458 1799 ab
479 1740 527 1797 illo
549 1758 665 1798 causam
689 1741 845 1812 didicisset,
865 1741 926 1815 ipse

146 1848 245 1895 ornate
265 1838 301 1895 de
327 1838 419 1896 alieno
447 1837 567 1895 artificio
594 1838 763 1916 copioseque
790 1837 925 1894 dixissetl
991 1838 996 1845 '

146 1932 261 2008 Neque
276 1952 342 1990 vero
370 1933 558 2008 Asclepiades
585 1932 619 2004 is,
647 1950 704 2007 quo
730 1946 784 1990 nos'
813 1932 926 1989 medico

148 2029 295 2101 amicoque
309 2028 354 2086 usi
368 2047 475 2100 sumus,
490 2041 561 2100 tum,
576 2047 641 2085 cum
656 2027 818 2102 eloquentia
832 2027 926 2084 vince·

146 2123 195 2177 bat
218 2133 337 2179 caeteros
364 2124 501 2194 medicos,
527 2125 556 2180 in
580 2142 616 2180 eo
639 2124 700 2199 ipso
726 2125 802 2199 quod
827 2134 926 2183 ornate

97 2233 130 2281 20
146 2218 268 2288 dicebat,
289 2218 439 2298 medicine
467 2219 602 2276 facultate
624 2222 766 2293 utebatur,
786 2240 844 2278 non
868 2222 926 2279 elo·

95 2379 103 2396 s
146 2314 277 2389 quentiae.
331 2314 427 2388 Atque
454 2314 524 2371 illud
549 2325 595 2372 est
620 2317 805 2392 probabilius,
822 2336 926 2393 ¹neque
961 2335 981 2349 ’-

145 2420 241 2467 tamen
267 2428 374 2481 verum,
402 2411 475 2486 quod
509 2412 644 2470 Socrates
676 2413 773 2471 dicere
805 2414 925 2487 solebat,

145 2522 246 2562 omnes
260 2506 344 2577 in'eo,
359 2507 434 2581 quod
448 2507 564 2580 scirent,
579 2510 648 2568 satis
667 2528 729 2567 esse
742 2510 925 2585 eloquentes:

145 2598 216 2655 illud
242 2600 345 2671 verius,
372 2618 464 2675 neque
491 2621 652 2678 quenquam
676 2605 706 2682 in
726 2623 761 2662 eo
788 2605 926 2665 disertum

10 2686 11 2695 ³
97 2714 130 2764 25
145 2712 208 2753 esse
229 2715 322 2771 posse,
347 2698 423 2772 quod
446 2699 566 2770 nesciat,
590 2719 693 2775 neque,
717 2702 742 2758 si
767 2702 795 2759 id
819 2704 925 2780 optime

145 2792 226 2865 sciat,
244 2793 414 2871 ignarusque
434 2795 471 2853 sit
491 2796 632 2853 saciundae
651 2816 685 2854 ac
701 2799 844 2874 poliendae
864 2816 926 2856 ora·

144 2888 239 2964 tionis,
267 2889 371 2950 diserte
396 2890 426 2950 id
453 2891 545 2968 ipsum
571 2912 666 2970 posse,
692 2894 729 2953 dc
753 2914 809 2973 quo
840 2894 923 2968 aciat,

145 2986 248 3047 dicere.
