2109 3417
108 279 166 344 tut
424 292 468 342 na
489 289 653 344 ossanna
853 291 936 356 [un

152 441 289 501 videatur.
329 441 439 516 Quare,
453 443 568 516 Crasse,
583 461 677 519 noque
689 451 721 501 tu
735 444 785 503 tud
797 443 937 502 suavitate

153 557 208 597 noa
226 540 415 616 privabisut,
429 541 454 597 si
473 541 542 616 quid
558 541 593 598 ab
607 541 736 598 Antonio
757 551 804 598 aut
823 549 938 616 praeter·

154 636 271 694 missum
286 646 334 694 aut
347 637 479 694 relictum
492 637 539 707 sit,
554 650 610 694 non
629 637 769 712 explices:
790 655 883 712 nequo
896 646 936 708 ta,

154 732 275 804 Antoni,
290 733 314 790 si
335 733 403 808 quid
422 751 478 790 nou
500 733 614 803 dixeris,
635 733 859 792 existimabimus
876 751 936 790 non

120 828 280 904 opotnisse
305 829 410 904 potius,
433 847 517 903 qnam
540 848 556 886 a
576 830 681 886 Crasso
707 829 765 886 dici
792 829 935 886 maluisse.

154 923 215 982 Hic
233 925 371 982 Crassus:
398 923 480 987 Quin
500 934 543 996 tu,
563 923 665 1000 inquit,
686 925 806 995 Antoni,
827 924 936 982 omittis

155 1019 218 1092 ista,
230 1039 293 1096 quse
303 1021 484 1096 proposuisti,
495 1039 559 1094 que
569 1039 653 1078 nemo
666 1021 764 1079 horum
776 1021 933 1094 desidepat,

154 1117 258 1192 quibus
276 1135 312 1173 ex
331 1117 404 1174 locis
422 1129 467 1186 a'a,
481 1135 545 1191 quaa
566 1117 688 1173 dicenda
708 1117 764 1173 sint
785 1115 812 1173 in
830 1116 934 1188 causis,

154 1213 347 1289 reperiautnr3
366 1230 430 1288 que
445 1231 607 1287 quanquam
623 1213 673 1269 abs
686 1223 714 1268 te
728 1231 801 1269 novo
813 1211 935 1287 quodam

108 1315 140 1366 10
154 1309 249 1380 modo,
269 1309 461 1384 praeclareque
488 1308 633 1378 dicuntur,
654 1318 721 1364 sunt
741 1316 834 1365 tamen
855 1317 883 1364 et
904 1325 935 1366 re

154 1403 293 1476 faciliora,
314 1414 343 1461 et
361 1404 512 1480 preceptis
532 1405 702 1480 pervagatal
722 1403 779 1473 illa,
800 1403 935 1479 deprome

154 1500 247 1571 nobis,
261 1501 337 1557 unde
346 1503 348 1506 ’
358 1500 467 1571 afferas,
482 1519 546 1575 quae
565 1499 720 1575 sepissime
733 1509 848 1571 tractas,
863 1517 936 1556 sern-
1048 1529 1049 1540 κ

153 1615 261 1674 parque
274 1596 417 1655 divinitus.

194 1693 366 1770 Depsomsm
381 1691 524 1768 equidem,
539 1691 630 1766 inquit
644 1690 804 1762 Antonius3
825 1701 863 1761 et,
877 1707 935 1767 quo

109 1799 141 1850 lo
155 1789 268 1848 facilius
282 1789 311 1846 id
325 1807 342 1847 a
354 1799 383 1846 te
396 1788 508 1866 exigam
521 1787 598 1862 quod
612 1797 687 1863 peto,
701 1786 772 1844 nihil
792 1785 845 1845 tibi
859 1805 876 1844 a
888 1805 936 1846 me

155 1885 310 1962 postulanti
335 1885 482 1942 recusabo.
537 1882 612 1940 Meas
632 1883 720 1940 totius
740 1882 884 1953 orationis,
906 1892 935 1940 et

156 1981 239 2040 istius
259 1981 347 2058 ipsius
367 1981 396 2038 in
417 1981 541 2038 dicendo
568 1979 719 2049 facultatis,
740 1997 823 2054 qnam
850 1979 937 2037 modo

156 2075 278 2135 Crassus
297 2076 326 2134 in
345 2077 450 2134 coelum
470 2077 564 2133 serbis
577 2075 687 2146 extulit,
701 2086 759 2133 tres
772 2085 839 2132 sunt
852 2074 937 2134 ratio·

154 2191 216 2245 nes,
228 2183 259 2230 ut
273 2184 339 2230 ants
351 2172 427 2242 dixi3
447 2191 505 2230 una
518 2171 764 2229 conciliandorum
776 2171 935 2242 hominurn,

107 2281 141 2333 m
157 2268 246 2326 altera
263 2268 468 2339 docendorum,
488 2268 574 2326 tertia
594 2266 836 2324 concitandorum.
877 2266 938 2324 Ha·

156 2383 220 2421 rum
246 2363 332 2420 trium
359 2364 480 2440 partium
505 2363 597 2439 prima
619 2363 764 2420 lenitatem
788 2362 936 2433 orationis,

156 2461 283 2518 secunda
298 2478 428 2529 acumen,
443 2459 528 2516 tertia
546 2458 603 2516 vim
623 2459 779 2516 desiderat:
801 2457 937 2516 namhoc

155 2574 275 2614 necesse
295 2567 348 2628 est,
362 2566 393 2614 ut
413 2555 447 2625 is,
462 2554 510 2630 qui
531 2555 615 2612 nobis
631 2573 746 2612 causam
762 2554 938 2631 adjudicatu-

156 2671 205 2712 rus
217 2652 264 2724 sit,
279 2663 328 2710 aut
347 2651 533 2709 inclinatione
552 2650 706 2708 voluntatis
718 2649 893 2726 propendeat
906 2650 937 2708 iu

108 2758 141 2810 ὥ
157 2767 219 2820 nos,
240 2758 290 2807 aut
307 2746 484 2806 defensionis
504 2747 677 2824 argumentis
699 2745 866 2816 adducatur,
888 2755 937 2803 aut

157 2845 244 2904 animi
264 2844 443 2921 permotione
462 2852 590 2920 cogatur.
644 2842 713 2912 Sed,
733 2841 867 2917 quoniam
889 2841 938 2898 illa

155 2959 231 3019 pars,
242 2941 272 2999 in
283 2942 339 3016 qud
352 2955 447 2998 rernm
461 2940 586 3015 ipsarum
600 2937 751 3014 explicatio
765 2955 799 2995 ac
808 2935 937 2994 defensio

155 3037 250 3117 posita
267 3046 322 3109 ast,
342 3036 452 3095 videtur
470 3053 586 3093 omnam
609 3032 692 3110 hujus
717 3031 830 3111 generis
854 3031 937 3108 quasi
