2109 3417
116 326 212 388 nm]
399 327 443 380 uu
464 327 629 379 onruonn.
775 368 781 384 ,
894 316 951 379 176

116 475 277 538 seeundum
296 493 408 548 rotem,
429 470 524 536 tultus
538 473 628 535 velet:
649 475 674 533 is
696 485 791 534 autern
810 473 904 538 oeulis

115 573 299 650 gubernatur.
340 573 438 648 Atque
463 573 494 631 iu
521 573 558 631 iis
585 572 727 642 omnibus,
748 591 810 647 quae
837 581 904 650 sunt

116 668 248 740 tutonis,
262 669 337 726 inest
356 669 487 744 quendum
500 668 544 741 vis
562 688 578 726 e
595 669 697 738 nutura
712 668 793 729 dats:
815 685 918 746 quare¹

115 762 203 824 etium
217 763 272 822 huo
292 763 426 840 imperiti,
441 763 496 820 hue
510 763 622 839 vulgus,
637 763 691 820 hac
705 762 828 837 denique
841 763 903 821 bar·

115 859 187 930 beri,
208 859 331 921 unanime
357 869 583 918 commoventur.
625 859 722 916 Verba
751 858 827 916 enirn
854 866 934 916 neo

114 955 221 1017 minem
248 969 372 1028 movent,
392 956 450 1014 nisi
476 975 553 1028 eum,
574 955 623 1031 qui
643 955 770 1032 ejusdem
796 955 903 1032 lingue

112 1051 252 1114 sooietue
285 1053 458 1128 oonjunotus
490 1063 552 1122 est3
587 1050 793 1129 sententiisque
826 1068 904 1127 saepe

113 1158 206 1206 aoutae
219 1168 277 1208 non
293 1159 443 1225 teutonum
463 1147 612 1214 hominum
633 1167 734 1206 seusus
753 1158 903 1223 protervo·

111 1243 189 1304 iant:
210 1246 296 1315 aetio,
306 1264 370 1317 quae
384 1263 441 1319 prae
455 1263 487 1300 se
500 1253 609 1302 motum
625 1244 712 1318 snirni
727 1243 790 1315 fert,
802 1261 901 1302 omnes

110 1349 225 1395 movet:
246 1337 347 1394 iisdem
361 1336 439 1394 enim
451 1337 580 1395 omnium
592 1336 679 1394 enimi
693 1338 817 1394 motibus
832 1356 901 1412 oon·
916 1349 947 1398 lo
1025 1369 1029 1378 ¹

110 1431 250 1502 citantur,
264 1440 294 1487 et
303 1449 357 1504 ¹eos
371 1429 473 1487 iisdem
482 1430 564 1496 ,notis
574 1439 603 1486 et
614 1429 644 1486 in
656 1429 718 1486 eliis
730 1441 899 1508 agnoscunt,

109 1537 142 1586 et
155 1526 299 1602 inseipsi
313 1525 452 1592 indicant.
515 1565 517 1569 -
599 1527 601 1530 ’
900 1521 907 1532 ’

150 1718 217 1787 Lx,
249 1719 298 1780 Ad
318 1719 441 1778 notionis
462 1729 558 1778 autem
572 1729 754 1794 usumstque
773 1715 899 1791 leudem,

110 1817 263 1876 nuinrsm
283 1817 355 1875 sins
367 1816 456 1876 dubio
475 1824 661 1894 pertentor
681 1816 808 1886 obtinet;
836 1833 899 1890 qun
943 1849 946 1886 3

109 1913 234 1990 primum
253 1924 297 1972 est
317 1914 443 1989 optanda
462 1913 561 1982 nobis;
582 1913 698 1984 deiude,
713 1930 902 1987 quecumque·
915 1927 946 1976 15

109 2010 174 2082 erit,
189 2010 352 2069 eetuendo
393 2009 511 2084 Dequo
532 2008 600 2067 illud
619 2009 677 2085 jorn
699 2009 770 2067 nihil
786 2009 821 2068 sd
842 2009 898 2068 hoo

107 2107 295 2183 preoipiendi
305 2125 407 2186 genus,
417 2106 657 2182 quemadmodum
667 2106 731 2167 voci
742 2107 896 2165 serviatur:

108 2204 241 2278 equidem
256 2221 434 2280 magnopere.
450 2220 557 2263 oenseo
577 2203 777 2262 serviendum:
798 2203 852 2260 sed¹
866 2203 899 2260 il·
955 2190 956 2199 ¹

108 2299 158 2356 lud
173 2300 285 2356 videtur
299 2301 334 2356 ab
354 2299 438 2376 hujus
458 2299 550 2356 nostri
570 2299 710 2356 sermonis
728 2299 824 2356 officio
838 2317 897 2356 non

109 2394 271 2466 abhorrere,
284 2395 372 2469 quod,
387 2395 434 2469 (ut
446 2395 506 2453 dixi
524 2395 610 2472 paulo
629 2395 707 2472 aute)
722 2394 853 2469 plurimis
868 2395 897 2452 in
912 2411 949 2462 ποι

108 2490 204 2561 rebus,
231 2490 318 2565 quod,
333 2492 456 2550 maxime
482 2502 528 2550 est
553 2491 633 2562 utile,
661 2490 689 2547 id
717 2491 816 2550 neseio
841 2511 898 2567 quo

106 2596 194 2665 puoto
206 2587 293 2649 etium
305 2587 391 2645 deoet
407 2587 539 2646 maxime.
581 2586 668 2659 Nem,
684 2586 719 2645 ud
733 2605 832 2646 vooem
847 2589 897 2646 ob-

106 2683 265 2754 tinendem,
279 2683 352 2743 nihil
365 2693 409 2740 est
422 2683 531 2755 utilius,
546 2703 631 2758 quem
645 2684 746 2742 crebre
760 2685 894 2756 muteti03

106 2779 179 2841 nihil
193 2779 393 2856 perniciosius,
404 2798 491 2855 quam
504 2781 596 2840 effuse
609 2780 671 2841 siue
685 2779 895 2840 intermissione

107 2875 265 2943 eontentio.
366 2935 371 2942 ,
909 2890 942 2945 z

145 2971 248 3036 Quidt
277 2971 425 3042 ndwes
449 2983 572 3046 nostres,
599 2983 629 3033 et
656 2973 778 3035 sotionis
804 2972 895 3035 suavi·

106 3078 206 3146 ntem,
218 3069 285 3149 quit
299 3081 345 3132 est
356 3070 565 3146 virissitudine,
573 3080 603 3130 et
616 3070 761 3144 verietate,
775 3079 805 3132 et
818 3087 894 3130 oom-
