2109 3417
125 317 183 377 100
441 326 485 374 nn
504 326 669 374 onerosa.
858 326 897 386 [a.
909 326 959 373 nr

100 477 104 483 “
170 474 287 532 modum
320 475 428 533 absona
459 486 543 550 atque
580 474 708 532 absurda.
769 472 822 532 Est
857 485 957 533 autem

169 571 279 643 vitium,
292 572 368 647 quod
386 570 516 628 nonnulli
531 570 567 628 de
581 570 719 627 industria
740 580 956 629 consectantur.

171 666 295 724 Rustica
314 685 369 724 vox
388 676 417 723 et
437 667 556 743 agrestis
583 666 718 741 quosdam
744 665 878 736 delectat,
895 684 957 741 quo

171 762 262 839 magis
289 762 495 837 antiquitatem,
516 762 541 819 si
561 762 600 820 ita
620 772 711 833 sonet,
732 780 830 819 eorum
857 780 957 819 sermo

138 858 294 922 stetinere
320 858 463 915 videatur:
490 867 522 915 ut
549 868 624 929 tuus,
645 858 757 928 Catule,
781 858 897 929 sodalis,
919 858 956 918 L.

170 955 267 1025 Cotta,
288 954 412 1031 gaudere
438 954 508 1011 mihi
536 951 645 1011 videtur
672 954 809 1031 gravitate
834 952 955 1031 linguae,

170 1069 298 1125 sonoque
318 1050 397 1107 vocis
425 1051 539 1127 agresti,
567 1061 595 1107 et
615 1050 694 1121 illud,
715 1050 791 1125 quod
817 1050 956 1124 loquitur,

170 1147 295 1222 priscum
311 1147 401 1203 visum
421 1146 456 1203 iri
474 1157 564 1222 putat,
583 1146 607 1203 si
628 1144 710 1223 plane
729 1145 814 1203 fuerit
833 1146 957 1204 rustica·

171 1261 249 1300 num.
302 1242 353 1299 Me
380 1253 474 1299 autem
500 1253 566 1299 tuus
592 1262 679 1299 sonus
698 1252 727 1299 et
747 1242 871 1300 suavitas
898 1242 957 1301 ista

125 1345 156 1394 10
171 1337 294 1396 delectat
302 1359 310 1409 ;
332 1339 432 1395 omitto
446 1339 606 1408 verborum,
620 1356 779 1413 quanquam
793 1347 836 1395 est
850 1348 954 1414 eaput3

170 1454 269 1493 verum
289 1436 318 1493 id
343 1436 423 1493 affert
449 1435 531 1506 ratio,
552 1432 656 1492 docent
683 1434 781 1505 litere,
795 1434 956 1492 ‘confirmat

171 1533 348 1591 eonsuetudo
375 1542 403 1590 et
428 1530 543 1607 legendi
566 1542 594 1589 et
618 1530 766 1605 loquendi;
800 1530 852 1589 sed
878 1530 956 1589 hano
1042 1544 1043 1555 ¹

172 1629 238 1689 dieo
251 1629 428 1700 suavitatem,
442 1647 505 1703 quae
524 1627 583 1684 exit
602 1646 638 1684 ex
656 1644 722 1697 ore3
744 1644 806 1702 que
826 1627 954 1702 quidem,

172 1737 205 1783 ut
240 1725 314 1802 apud
346 1726 472 1795 Graeoos,
500 1723 674 1794 Atticorum,
705 1722 758 1797 sie,
785 1722 815 1781 iu
848 1722 955 1780 Latino

125 1825 157 1876 15
171 1840 311 1892 sermone,
322 1820 406 1896 hujus
420 1831 462 1876 est
476 1820 554 1877 urbis
567 1818 689 1877 maxime
702 1818 822 1896 propria
863 1819 956 1877 Athe-

170 1918 217 1976 nis
240 1918 298 1992 jam
327 1916 378 1973 diu
409 1915 541 1973 doctriua
572 1914 698 1991 ipsorum
731 1914 955 1973 Atheniensium

172 2012 295 2071 interiit:
316 2012 491 2068 domicilium
511 2020 621 2069 tantum
635 2010 664 2067 in
679 2010 728 2068 illa
741 2011 811 2067 urbe
824 2024 956 2069 remanet

171 2107 341 2177 studiorum,
356 2108 458 2182 quibus
477 2117 580 2165 vacant
600 2106 687 2178 cives,
700 2095 843 2183 peregrini
857 2106 956 2165 fruun-

171 2214 227 2274 tur,
242 2203 318 2278 eapti
338 2201 548 2277 quodammodo
568 2204 682 2261 nomine
696 2203 774 2261 urbis
788 2212 817 2260 et
831 2202 955 2261 auetori-

125 2310 157 2359 20
172 2310 246 2368 tate;
279 2312 376 2356 tamen
408 2298 615 2357 eruditissimos
647 2300 777 2357 homines
808 2298 955 2356 Asiaticos

173 2394 264 2470 quivis
278 2396 464 2453 Atheniensis
478 2395 619 2466 indoctus,
634 2414 690 2453 non
704 2394 805 2465 verbis,
820 2394 870 2451 sed
884 2414 955 2453 sono

172 2491 262 2562 voois,
281 2510 337 2549 nee
357 2503 414 2549 tam
438 2492 520 2562 bene,
543 2510 625 2566 quam
652 2490 775 2548 suaviter
800 2490 952 2565 loquendo,

173 2586 258 2644 saoile
278 2588 429 2664 superabit.
483 2586 584 2644 Nostri
604 2587 837 2648 miuus‘student'
850 2585 951 2657 literis,

173 2700 257 2757 quam
291 2683 403 2742 Latini:
443 2692 538 2740 tamen
574 2701 610 2740 ex
643 2681 715 2753 istis,
748 2700 819 2757 quos
851 2680 952 2754 nostis,

126 2794 159 2845 25
173 2776 299 2851 urbanis,
313 2779 460 2855 inquibus
480 2778 628 2837 minimum
643 2788 686 2835 est
698 2778 853 2848 literarum,
868 2794 954 2836 nemo

173 2883 226 2946 est,
260 2875 330 2949 quin
361 2874 584 2932 literatissimum
617 2883 777 2951 togatorum
814 2874 954 2945 omnium,

172 2972 213 3034 Q.
227 2970 373 3029 Valerium
387 2969 539 3042 Soranum,
554 2970 671 3029 lenitate
691 2970 768 3030 vocis
788 2980 873 3045 atque
893 2968 955 3047 ipso

173 3067 233 3127 orb
244 3084 343 3146 pressu
356 3075 386 3125 et
397 3084 469 3125 sono
482 3066 568 3125 fenile
580 3066 685 3126 vineat.

542 3203 552 3231 Ι
