2109 3417
135 263 191 323 118
450 275 493 322 os
515 275 679 322 onaronr„
878 278 959 338 [nn.

175 421 290 496 Crasse,
314 425 364 499 qui
387 425 416 484 in
439 426 603 485 civitatibus
630 427 690 485 suis
716 427 786 486 clari
809 438 838 486 et
861 427 959 505 magni

176 519 301 599 fuerupt,
324 523 410 580 sicuti
433 534 464 581 tu
487 543 528 595 es,
553 543 660 599 nosque
684 543 784 582 omnes
806 525 837 583 in
860 525 959 582 nostra

175 619 322 691 republica
342 620 470 676 volumus
490 638 563 691 esse,
584 620 685 677 horum
711 621 888 692 Graecorum,
909 620 959 696 qui

175 731 206 769 se
233 715 381 771 inculcant
407 714 522 772 auribus
549 715 663 786 nostris,
690 715 797 773 similes
825 716 957 774 fuerunt:

145 813 230 866 5nec
250 821 346 866 tamen
361 810 390 866 in
405 811 464 868 otio
483 829 629 868 sermones
650 811 819 887 hujusmodi,
835 812 959 889 disputa·

174 904 321 979 tionesque
346 905 502 982 fugiebant.
556 906 603 963 Ac
623 906 645 962 si
667 907 719 964 tibi
745 907 886 979 videntur,
907 907 957 982 qui
1046 973 1047 976 Ἰ

174 1002 320 1076 temporis,
341 1002 389 1076 qui
409 1001 476 1073 loci,
497 1001 545 1076 qui
573 1002 719 1078 hominum
739 1003 877 1060 rationem
898 1022 957 1062 non

175 1097 290 1167 habent,
305 1097 404 1172 inepti,
418 1098 492 1155 siout
513 1099 619 1155 debent
632 1097 737 1169 videri3
758 1118 827 1166 num
841 1099 957 1157 tandem

176 1203 224 1250 aut
243 1192 324 1249 locus
345 1194 392 1250 hic
412 1213 470 1250 uon
491 1193 610 1251 idoneus
624 1194 744 1266 ridetur,
760 1194 789 1252 in
803 1201 860 1270 quo
872 1195 957 1270 porti·

130 1297 161 1346 10
176 1307 227 1344 cus
253 1288 411 1364 haec'ipsa',
433 1288 482 1345 ubi
510 1289 697 1360 ambulamus,
718 1299 747 1347 et
768 1291 906 1366 palaestra,
927 1300 956 1349 et

175 1384 310 1441 totlocis
331 1385 481 1456 sessiones,
502 1385 717 1461 'gymnasiorum
741 1395 769 1442 et
791 1386 956 1444 Graecarum

175 1481 398 1556 disputationum
419 1482 583 1562 memoriam
605 1479 812 1555 quodammodo
833 1499 957 1540 commo

175 1579 262 1634 ventl
297 1588 345 1634 aut
373 1577 565 1652 importunum
591 1586 703 1652 tempus
731 1577 760 1635 in
783 1587 862 1636 tanto
885 1579 955 1651 otio,
1046 1553 1047 1620 i

175 1674 250 1749 quod
277 1683 306 1730 et
332 1692 397 1730 raro
423 1672 515 1744 datur,
539 1682 569 1729 et
594 1691 672 1730 nunc
698 1683 847 1748 peroptato
872 1674 957 1732 nobis

131 1778 162 1828 15
176 1771 272 1828 datum
287 1772 348 1827 estl
370 1779 417 1826 aut
437 1769 568 1826 homines
590 1769 625 1826 ab
646 1769 701 1826 hoc
715 1787 819 1846 genere
833 1769 957 1846 disputa·

175 1867 262 1924 tionis
283 1866 377 1936 alieni,
397 1865 445 1941 qui
473 1883 573 1922 omnes
594 1864 623 1920 hi
644 1883 754 1942 sumus,
772 1875 803 1923 ut
823 1865 885 1924 sine
912 1865 957 1942 his¹

175 1961 277 2018 studiis
303 1961 388 2017 vit'arn
415 1960 522 2030 nullam
549 1977 611 2015 esse
637 1959 795 2018 ducamusl
849 1958 957 2020 Omnia
1046 1999 1047 2008 η

175 2057 238 2124 ista,
260 2055 352 2128 inquit
367 2055 502 2125 Crassus,
523 2072 578 2130 ego
600 2054 655 2110 alio
667 2054 760 2111 ¹modo
776 2055 955 2130 interpretor,

174 2151 222 2226 qui
249 2150 371 2225 primum
397 2149 565 2223 palaestram,
593 2159 622 2206 et
648 2149 740 2220 sedes,
764 2159 793 2207 et
818 2149 955 2224 porticus,

129 2257 161 2304 20
175 2247 260 2302 etiam
288 2245 379 2319 ipsos,
398 2244 510 2315 Catule,
538 2244 664 2315 Graecos,
691 2245 901 2303 exercitationis
928 2258 957 2304 et

175 2340 373 2399 delectationis
392 2340 490 2410 causti,
504 2358 562 2396 non
583 2339 792 2415 disputationis,
814 2341 956 2400 invenisse

176 2438 305 2495 arbitror.
344 2421 421 2492 Nam
441 2445 470 2491 et
489 2435 602 2492 seculis
621 2435 718 2492 multis
732 2445 796 2492 ante
810 2437 958 2512 gymnasia

176 2535 291 2592 inventa
316 2541 391 2602 sunt,
417 2548 502 2606 quarn
529 2531 559 2588 in
586 2531 631 2588 his
657 2531 818 2608 philosophi
848 2534 957 2610 garrire

175 2639 332 2706 caeperunt,
359 2637 389 2684 et
415 2627 471 2684 hoc
505 2613 567 2702 ipso
599 2638 736 2702 ternpore,
764 2645 830 2685 curn
859 2630 959 2688 omnia
1046 2653 1047 2700 g

129 2741 162 2790 25
176 2725 323 2803 gymnasia
334 2722 494 2800 philosophi
515 2732 641 2794 teneant,
655 2732 750 2780 tamen
764 2741 863 2781 eorum
879 2725 958 2781 audi·

175 2834 251 2880 tores
265 2821 376 2878 discum
391 2819 499 2889 audire,
510 2837 594 2894 quam
608 2819 819 2894 philosophum,
831 2820 956 2891 malunt;

174 2918 224 2994 qui
250 2916 333 2975 simul
360 2926 392 2974 ut
418 2913 570 2988 increpuit,
595 2913 625 2972 in
648 2914 743 2971 me'dih
770 2914 897 2972 oratione
919 2916 957 2977 de

175 3012 306 3076 naumis
325 3011 410 3072 rebus
422 3020 451 3069 et
464 3009 638 3089 gravissimis
657 3009 848 3091 disputantem
864 3009 958 3088 philo·
