2109 3417
104 295 160 354 loe
418 304 462 352 uu
482 305 647 353 onsronn
842 307 937 366 [nun
1016 329 1017 350 1

147 451 337 525 incendimur,
351 463 381 510 et
399 452 531 525 lenimur,
552 464 581 511 et
600 454 825 531 languescimus,
847 464 878 512 et
901 454 937 511 ad

146 548 327 621 hilaritatem,
346 558 377 607 et
403 549 439 607 ad
464 550 619 622 tristitiam,
639 569 715 626 sepe
741 551 937 608 deducimur:
1018 611 1019 624 ,

145 663 265 720 quorum
285 644 335 702 ille
353 663 464 702 summa
476 645 519 701 ris
538 645 712 703 carminibus
732 655 776 703 est
796 648 892 721 aptior
907 657 938 704 et
1019 671 1020 710 1

145 739 287 811 oautibus,
300 758 359 798 uon
373 740 514 816 neglecta,
525 750 558 797 ut
571 740 640 797 mihi
655 741 775 812 videtur,
791 761 807 798 a
821 741 852 797 N
855 743 936 814 nmai,

115 844 213 911 brege
232 835 406 908 doctissimo,
420 836 631 912 majoribusque
651 837 766 907 uostris,
784 849 815 893 ut
836 839 937 912 epula-

145 950 209 988 rum
244 931 404 990 solennium
437 933 508 990 fides
541 951 575 990 ao
606 932 693 1003 tibias,
728 933 936 1008 Saliorumque

146 1046 252 1098 versus,
267 1027 411 1098 indicunt3
432 1029 554 1086 maxime
569 1039 663 1086 nutem
678 1029 820 1086 eGraeeii
836 1040 935 1086 vetere

145 1123 297 1182 celebrate.
361 1123 479 1186 Quibus
515 1125 622 1182 utinam
661 1124 860 1199 similibusque
897 1127 934 1183 de

145 1219 231 1276 rebus
249 1219 397 1295 disputari,
418 1239 501 1295 qnam
521 1221 558 1277 de
578 1221 734 1295 puerilibus
760 1221 806 1277 bis
832 1224 934 1280 verbo·

100 1327 131 1376 lt
144 1334 208 1373 rum
221 1315 463 1387 translationibus,
476 1316 664 1374 maluissetis!

184 1412 302 1485 Verum,
323 1412 404 1470 utin
426 1431 505 1470 versu
526 1414 638 1489 vulgus,
659 1413 683 1469 si
703 1424 745 1469 est
764 1425 932 1488 peecatum,
1025 1431 1026 1438 ¹

144 1509 238 1568 videt:
258 1509 311 1581 sio,
325 1509 350 1566 si
370 1508 439 1584 quid
459 1509 489 1566 iu
509 1509 608 1566 nostri
628 1509 756 1566 orations
773 1509 932 1582 claudicat,

118 1651 123 1659 .
145 1607 240 1665 sentit
280 1606 340 1664 Sed
352 1609 445 1681 poete
458 1623 517 1661 nou
532 1605 663 1680 ignoscit,
678 1606 761 1662 nobis
775 1608 932 1664 coneedit:

145 1705 234 1761 taeite
246 1713 342 1760 umen
355 1719 456 1758 omnes
468 1718 527 1758 nou
542 1719 605 1758 esse
616 1700 696 1772 illud,
708 1701 781 1775 quod
793 1702 931 1774 diximus,

100 1811 130 1860 15
144 1810 242 1875 aptum
252 1798 467 1874 perfectumque
481 1809 610 1854 cernunt
644 1797 744 1871 Itaque
755 1797 795 1854 illi
809 1809 932 1871 veteres,

147 1893 236 1969 (siout
256 1893 342 1950 bodie
360 1893 446 1950 etiam
467 1891 621 1950 nonnullos
636 1893 778 1971 ridemus)
794 1911 861 1950 oum
878 1896 934 1952 eir·
1027 1915 1028 1918 ¹

146 1989 255 2046 onitum
270 1998 304 2045 et
323 1989 405 2063 qnasi
423 1990 521 2047 orbem
541 1990 691 2046 verborum
712 1990 856 2047 conticere
871 2011 932 2049 non

144 2095 268 2160 possent,
289 2084 374 2160 (uam
398 2085 427 2141 id
452 2085 567 2159 quidem
593 2103 684 2162 nuper
707 2086 750 2142 vel
776 2104 862 2161 posse
887 2089 930 2145 ael

145 2182 250 2238 audere
274 2180 425 2258 ooepimus)
445 2191 538 2251 terne,
560 2190 608 2238 ant
629 2180 705 2252 bins,
727 2193 775 2240 aut
795 2185 931 2241 nonnulli

95 2290 130 2340 m
140 2276 257 2354 singula
269 2277 354 2335 etiam
369 2277 455 2334 verba
475 2276 626 2334 dioebsut:
647 2278 706 2353 qui,
722 2279 751 2335 in
766 2278 814 2335 illt
836 2280 931 2336 infan-

144 2373 185 2430 tit
198 2372 330 2443 naturali,
346 2372 429 2448 (illud
449 2372 525 2447 quod
548 2391 631 2430 aures
651 2374 797 2430 hominum
819 2374 932 2451 flagite-

146 2469 227 2547 baut)
247 2468 402 2526 tendebant
425 2478 534 2540 tamen,
555 2479 587 2526 ut
606 2479 635 2526 et
654 2469 703 2526 illa
722 2479 817 2526 essent
837 2473 930 2546 paris,

142 2583 208 2640 qne
240 2564 379 2636 (licerent,
405 2575 435 2622 et
463 2565 618 2642 equalibus
650 2564 931 2641 interspirationibus

141 2669 298 2720 uterentur.

98 2865 131 2914 st
183 2855 248 2916 LII.
280 2856 406 2934 Exposui
426 2858 541 2929 sere,ut
560 2858 649 2934 potui,
664 2875 726 2932 qnae
746 2856 870 2913 maxime
892 2857 929 2914 ad

145 2964 278 3011 ornatum
303 2953 440 3011 orationis
465 2954 608 3028 pertinere
639 2953 802 3010 arbitrabar.
858 2952 929 3010 Dixi

141 3047 223 3105 esim
245 3047 282 3104 de
304 3047 479 3124 singulorum
501 3048 588 3106 laude
611 3048 776 3116 verborum,
802 3045 868 3102 uixi
891 3047 931 3103 de
