2109 3417
126 310 165 369 84
447 324 490 371 na
511 324 673 371 onruonn.
876 323 957 385 [nn.

171 472 346 531 subridicule
365 472 522 548 Philippus.
564 473 604 529 At
618 482 768 547 utrumque
783 488 875 548 genus
889 491 958 530 con·

171 570 243 628 tinet
257 570 335 645 uerbi
350 570 384 627 ad
398 570 510 627 literam
525 568 665 625 immutati
679 568 843 626 similitudo.

210 666 256 723 Ex
283 666 417 741 ambiguo
440 666 518 723 dicta
538 666 581 722 vel
604 664 782 741 argutissima
808 676 954 739 putantur.

170 762 220 819 sed
235 782 293 819 nou
306 782 418 837 semper
432 762 461 819 in
473 763 551 838 joco,
566 782 640 837 saepe
660 761 745 819 etiam
761 761 790 817 in
805 762 953 837 gravitate,

139 866 325 916 cremantur.
366 858 506 915 Africano
521 858 562 915 illi
576 858 686 933 majori,
701 875 836 914 coronam
855 857 910 914 sibi
924 857 954 913 in

170 954 302 1011 convivio
316 955 350 1011 ad
365 965 451 1029 caput
465 954 705 1025 accommodanti,
721 973 786 1010 cum
803 972 838 1009 aa
851 954 954 1028 sepius

170 1061 357 1125 rumperetur,
378 1050 409 1107 P.
431 1050 562 1107 Licinius
582 1050 686 1121 Varus,
708 1049 805 1107 “Noli
827 1050 952 1121 mirari,”
1041 1074 1042 1101 t

170 1145 272 1220 inquit,
288 1146 340 1201 “si
360 1165 418 1202 non
439 1146 590 1203 convenit:
616 1156 701 1221 caput
721 1146 796 1202 enim
818 1165 953 1221 magnum

170 1244 253 1299 est:’'
274 1242 427 1312 laudabile,
454 1252 484 1299 et
510 1242 687 1303 honestum,
724 1242 765 1298 At
792 1261 827 1298 ex
853 1243 953 1299 eodem

124 1347 155 1395 1⁰
169 1356 275 1414 genere
295 1348 354 1395 est:
383 1338 519 1395 “Calvus
540 1339 608 1395 satis
628 1345 685 1407 est;
714 1337 788 1413 quod
814 1338 887 1393 dicit
905 1356 954 1411 pa·

169 1435 260 1491 rum.''
301 1434 349 1491 Ne
370 1435 475 1492 multa:
502 1434 612 1490 nullum
635 1452 725 1509 genus
745 1442 788 1488 est
805 1432 875 1507 joci,
897 1450 954 1508 quo

169 1548 228 1587 nou
242 1548 278 1587 ex
289 1530 392 1587 eodem
406 1549 505 1587 severa
517 1539 547 1587 et
560 1530 657 1605 gravia
670 1538 825 1585 sumantur.

209 1626 308 1701 Atque
327 1627 381 1685 hoc
401 1626 488 1684 etiam
508 1625 799 1695 animadvertendum,
814 1640 872 1681 non
890 1644 955 1683 esse

169 1722 267 1781 omnia
285 1722 409 1780 ridicula
429 1722 531 1781 faceta.
570 1720 661 1795 Quid,
675 1720 751 1777 enim
778 1729 870 1796 potest
890 1740 954 1777 esse

124 1826 155 1876 15
169 1834 228 1877 tam
254 1818 418 1889 ridiculum,
446 1837 530 1893 quam
559 1816 668 1873 Sannio
695 1816 757 1873 estl
811 1816 868 1873 Sed
892 1836 954 1887 ore,

169 1915 258 1976 vultu.
285 1914 431 1971 imitandis
459 1913 597 1983 moribus,
624 1930 706 1984 voce,
733 1912 857 1987 denique
890 1912 955 1987 ipso

169 2027 299 2084 corpore,
320 2010 436 2067 ridetur.
478 2009 591 2067 Salsum
613 2009 691 2065 hunc
710 2026 824 2082 possum
846 2008 954 2080 dicere,

170 2115 253 2179 atque
273 2105 323 2166 ita.
336 2124 395 2162 non
409 2115 441 2162 ut
456 2104 598 2181 ejusmodi
618 2112 758 2161 oratorem
780 2122 843 2161 esse
856 2104 954 2177 velim,

169 2200 221 2259 sed
233 2214 266 2257 ut
279 2220 396 2259 numum

122 2398 154 2448 2⁰
208 2394 305 2453 LXII.
329 2394 437 2472 ,Quare
448 2395 572 2469 primum
589 2412 679 2471 genus
693 2393 759 2464 hoc,
774 2393 849 2468 quod
864 2393 954 2451 risum

169 2491 212 2547 vel
228 2487 351 2548 maxime
369 2501 474 2562 movet,
492 2510 551 2548 non
572 2499 614 2547 est
634 2500 761 2547 nostrum
771 2510 778 2559 ;
800 2508 953 2561 morosum,
1041 2532 1042 2537 η

172 2584 436 2666 [superstitiosum]
462 2587 665 2663 suspiciosum,
693 2586 858 2661 gloriosum,
886 2584 954 2641 stul·

170 2693 247 2740 tum:
281 2694 400 2741 naturar-
423 2682 553 2739 ridentur
589 2683 674 2757 ipsae3
714 2700 784 2755 quas
815 2700 953 2756 personas

170 2779 277 2855 agitare
290 2779 425 2847 solemus,
439 2797 498 2834 non
519 2778 668 2845 sustinere.
701 2776 841 2833 'Alterum
862 2795 954 2853 genus
1041 2782 1042 2801 ¹

122 2889 154 2939 ω
169 2886 211 2934 est
237 2875 398 2933 imitatione
425 2874 577 2931 admodum
605 2873 768 2944 ridiculum,
793 2872 841 2929 sed
869 2872 953 2929 nobis
1041 2906 1042 2911 κ

169 2981 279 3031 tantum
298 2972 368 3029 licet
388 2969 494 3040 furtim,
509 2969 671 3043 siquando,
686 2978 714 3025 et
728 2967 832 3027 cursim
841 2988 849 3039 ς
871 2967 953 3025 aliter
1041 2948 1042 2973 ¹
