2109 3417
98 331 126 377 n.
137 331 179 391 n]
380 332 424 379 nn
444 332 609 392 carrona.
889 319 931 383 09

99 478 228 537 ornatius
248 478 365 537 dicendi
385 498 477 556 genus
495 480 645 538 excitetur.
691 479 788 537 Habet
807 478 886 538 enim

100 575 254 632 multitudo
285 576 343 634 vim
375 577 518 651 quandam
552 577 648 647 talem,
684 585 725 647 ut,
753 574 887 650 quemad-

100 671 216 729 modum
243 672 352 729 tibicen
378 672 441 731 sine
467 673 546 729 tibiis
574 691 688 743 canere,
712 672 755 730 sic
780 682 885 744 orator,

99 766 162 824 sine
189 768 372 827 multitudine
404 769 548 841 audiente,
576 770 713 844 eloquens
739 786 801 826 esse
827 786 886 827 non

99 859 196 938 possit
246 864 284 921 Et
307 883 375 921 cum
398 864 456 923 siut
478 865 631 941 populares
654 865 736 923 multi
760 864 916 939 variique5

99 959 204 1034 lapsus,
228 960 345 1019 vitanda
368 972 413 1018 est
436 962 607 1019 acclamatio
632 961 750 1019 adversa
771 961 886 1037 populi;

99 1076 161 1131 quae
186 1066 235 1114 aut
258 1058 397 1115 orationis
419 1069 542 1133 peccato
566 1058 661 1133 aliquo
687 1059 838 1130 excitatur,
862 1057 887 1115 si

100 1171 209 1228 aspere,
229 1153 254 1210 si
275 1164 450 1229 arroganter,
472 1155 496 1211 si
519 1154 650 1229 turpiter,
671 1155 695 1211 si
717 1154 843 1223 sordide,
864 1154 888 1211 si

99 1267 211 1325 quoquo
226 1249 313 1306 animi
327 1250 406 1321 vitio,
417 1250 527 1307 dictum
542 1268 606 1307 esse
621 1250 728 1323 aliquid
742 1250 886 1319 videatur;

101 1354 150 1402 aut
173 1345 321 1403 hominum
348 1346 508 1403 offensione
534 1346 579 1402 vel
606 1346 724 1418 invidia,
749 1364 812 1420 quae
840 1356 934 1411 autlo

98 1441 175 1516 justa
195 1451 247 1512 est,
264 1451 313 1499 aut
333 1460 369 1499 ex
390 1441 591 1499 criminatione
614 1451 698 1515 atque
720 1440 811 1511 samd;
841 1452 889 1499 aut

101 1556 146 1596 res
166 1537 192 1595 si
212 1538 361 1614 displicet;
384 1548 433 1595 aut
454 1538 477 1593 si
499 1550 543 1593 est
566 1536 594 1593 in
617 1536 712 1611 aliquo
732 1546 812 1593 mutu
830 1554 889 1595 suae

101 1634 266 1709 cupiditatis
293 1644 342 1692 aut
368 1632 462 1691 metris
483 1632 645 1690 multitudo.
688 1632 799 1707 Hisque
822 1651 890 1707 qua·

100 1741 165 1787 tuor
186 1731 281 1789 causis
301 1731 421 1791 totidem
441 1730 593 1789 medicina
607 1739 806 1805 opponuntur:
827 1739 889 1787 turn

100 1827 271 1904 objurgatio,
299 1828 324 1885 si
351 1838 395 1885 est
422 1827 594 1896 auctoritas3
628 1836 689 1885 tum
720 1824 888 1897 admonitio,
905 1838 936 1889 15

100 1923 182 1998 quasi
202 1922 294 1981 lenior
313 1924 491 2001 objurgati03
512 1934 575 1981 turn
595 1922 757 1998 promissio,
772 1922 797 1979 si
812 1920 891 1979 audi·

98 2020 185 2091 erint,
211 2020 395 2095 probaturos:
429 2031 490 2078 tum
525 2019 706 2095 deprecatio,
742 2018 818 2093 quod
846 2026 890 2078 est

100 2115 240 2188 infimum,
261 2117 312 2174 sad
332 2135 536 2192 nonnunquam
559 2116 637 2173 utile.
682 2115 772 2173 Nullo
794 2124 890 2173 autem

99 2212 166 2270 loco
185 2213 248 2288 plns
270 2214 381 2271 facetia
400 2223 529 2288 prosunt,
545 2222 573 2269 et
593 2212 735 2283 celeritas,
754 2222 783 2269 et
803 2213 889 2269 breve

102 2307 217 2382 aliquod
249 2310 370 2380 dictum,
397 2328 454 2367 nec
487 2308 549 2364 sine
583 2307 733 2383 dignitate,
760 2320 789 2366 et
822 2322 934 2371 cutum

101 2404 207 2477 lepore.
248 2405 330 2462 Nihil
345 2406 422 2463 enirn
436 2416 495 2463 tam
510 2404 604 2485 facile,
619 2422 704 2478 quarn
725 2404 889 2475 multitudo,

102 2519 119 2556 a
140 2499 264 2571 tristitid,
283 2511 312 2559 et
331 2520 406 2576 saepe
427 2502 462 2558 ab
482 2500 650 2570 acerbitate,
672 2500 832 2571 commode,
855 2518 890 2559 ac

101 2596 233 2667 breviter,
248 2606 278 2653 et
289 2607 385 2667 acute,
399 2606 429 2653 et
443 2596 533 2653 hilare
547 2596 625 2653 dioto
639 2596 799 2655 deducitur.

140 2787 310 2846 LXXXIV.
342 2786 470 2862 Exposui
494 2786 563 2858 fere,
584 2797 616 2845 ut
635 2788 726 2863 potui,
747 2788 838 2860 vobis,
860 2788 889 2847 in

99 2896 223 2960 utroque
249 2899 355 2961 genere
382 2901 533 2941 causarum
562 2902 625 2959 que
651 2884 732 2959 sequi
759 2886 888 2957 solerern,
902 2894 934 2944 25

100 3002 164 3057 que
191 2981 300 3058 lugere,
321 2997 386 3055 quae
412 2989 553 3055 spectare,
574 2980 687 3055 quique
714 2981 833 3039 omnino
859 2980 889 3038 in

100 3077 196 3136 causis
215 3078 326 3137 ratione
344 3075 459 3137 renui.
500 3076 567 3135 Nec
581 3076 651 3135 illud
665 3078 781 3137 tertium
794 3076 890 3135 lauda·
