2109 3417
115 291 171 349 140
433 304 476 351 uu
497 303 661 353 carrona.
852 306 891 366 [u.
904 304 952 355 111.

196 448 326 509 XXXV.
357 450 498 527 Equidem
525 472 584 512 non
611 452 740 511 arbitror.
789 452 840 512 Sic
868 456 949 513 enim

157 544 250 616 video,
284 565 370 604 unam
403 549 545 621 quandam
580 548 705 605 omnium
740 567 847 621 rerum,
884 571 950 625 quar

157 657 252 699 essent
276 642 392 699 homine
419 643 531 699 erudito
558 643 661 719 dignae,
683 654 767 719 atque
788 664 823 701 eo
845 646 896 719 qui
918 647 949 705 iu

156 737 304 813 republica
337 739 421 795 vellet
455 739 605 809 excellere,
640 740 726 797 fuisse
764 741 948 812 doctrinam

125 844 241 906 oquam
274 834 323 908 qui
357 835 546 909 accepissent,
575 835 599 891 si
635 835 720 892 iidem
756 836 874 913 ingenio
911 838 946 895 ad

155 930 398 1004 pronuntiandum
426 931 588 1003 valuissent,
610 941 639 987 et
665 950 696 987 se
723 931 758 987 ad
785 932 944 991 dicendum

155 1043 277 1100 quoque,
298 1045 355 1082 uon
377 1037 553 1103 repugnante
576 1027 687 1097 naturai,
710 1027 866 1099 dedissent,
887 1030 946 1087 elo·

154 1120 271 1194 quentia
303 1122 475 1195 praestitisse.
534 1121 635 1195 Itaque
667 1121 727 1197 ipse
758 1123 943 1199 Aristoteles,

155 1233 220 1272 oum
248 1214 348 1272 florere
375 1216 531 1274 Isocratem
558 1217 704 1274 nobilitate
734 1218 943 1293 discipulorum

108 1311 272 1381 lucidaret,
300 1313 375 1386 quod
403 1313 463 1387 ipse
489 1332 556 1369 suas
576 1312 780 1388 disputationes
805 1333 821 1371 a
845 1316 944 1373 causis

154 1406 315 1466 forensibus
335 1419 364 1464 et
384 1408 516 1465 civilibus
537 1407 570 1463 ad
593 1407 705 1465 inanem
727 1409 868 1467 sermonis
886 1411 945 1467 elo-

155 1505 281 1580 gantiam
314 1504 512 1574 transtulisset,
547 1503 666 1560 mutavit
699 1515 814 1579 repente
849 1516 943 1565 totam

155 1602 273 1659 formam
293 1619 381 1677 prope
402 1599 558 1675 disciplinae
580 1618 648 1670 suae,
663 1618 830 1673 versumque
853 1621 945 1675 quen·

154 1696 219 1754 dam
247 1696 414 1753 Philocteta
440 1695 526 1769 paulo
553 1714 637 1751 secus
664 1694 750 1751 dixit:
786 1695 833 1753 ille
861 1698 942 1755 enim

106 1809 137 1857 15
154 1794 288 1868 “turpe”
310 1792 365 1849 sibi
387 1791 425 1847 ait
446 1797 537 1847 “esse
557 1801 662 1861 tacere,
684 1809 750 1847 cum
770 1791 940 1864 barbaros,”

152 1887 200 1945 hio
222 1898 325 1959 autem,
347 1895 442 1943 “oum
463 1886 630 1957 Isocratem,
646 1897 789 1961 pateretur
810 1887 939 1947 dicere.’'

152 1982 252 2059 Itaque
285 1984 396 2041 ornavit
429 1995 457 2041 et
491 1983 639 2039 illustravit
670 1983 831 2041 doctrinam
858 1985 940 2043 illam

151 2098 276 2151 omnem,
304 2099 455 2156 rerumque
482 2080 677 2155 coguitionem
704 2098 769 2136 cum
797 2081 941 2139 orationis

152 2175 356 2233 exercitatione
377 2177 532 2253 conjunxit
573 2176 676 2250 Neque
696 2194 763 2231 vero
787 2176 843 2232 hoc
864 2177 941 2255 fugit

102 2269 390 2348 msapientissimum
431 2292 538 2349 regem,
571 2271 742 2347 Philippum,
776 2271 825 2345 qui
858 2271 939 2331 huuc

139 2351 316 2425 ⁴Alexandro
336 2370 394 2426 filio
411 2369 561 2425 doctorem
583 2368 710 2439 ancient,
726 2386 742 2425 a
758 2385 814 2439 quo
835 2370 938 2427 codem

151 2463 199 2521 ille
219 2472 248 2520 et
269 2465 372 2539 agendi
397 2465 540 2539 acciperet
565 2474 708 2539 praeoepta
734 2474 762 2521 et
789 2464 935 2539 loquendi.

151 2560 250 2633 Nunc,
284 2566 308 2617 si
342 2562 390 2637 qui
423 2561 507 2630 volet,
542 2578 608 2617 eum
643 2558 852 2636 philosophum,
887 2562 936 2636 qui

151 2666 265 2733 coptam
285 2660 368 2717 nobis
389 2678 482 2716 rerum
503 2658 696 2733 orationisque
710 2658 811 2729 tradat,
825 2642 875 2735 pei
889 2678 936 2717 me

104 2758 137 2809 25
152 2759 273 2834 appellet
299 2767 441 2813 oratorem
467 2754 553 2823 licet3
588 2754 646 2810 sive
679 2753 755 2812 huuc
782 2764 935 2825 oratorem,

152 2857 235 2928 quein
256 2871 311 2931 ego
331 2852 397 2909 dico
418 2850 585 2924 sapientiam
604 2850 733 2925 junctam
754 2850 859 2907 habere
876 2850 933 2907 elo·

149 2956 285 3025 quentia,
298 2947 497 3024 philosophum
518 2946 661 3023 appellare
675 2946 762 3019 metit,
776 2966 834 3005 uon
849 2953 934 3026 impo-
