2109 3417
113 244 197 327 hur
398 267 441 314 oa
462 265 627 314 onaaoan.
893 251 949 312 135

114 415 278 473 Verborum
292 423 387 471 autem
400 413 483 485 ratic,
497 423 526 470 et
539 431 632 490 genus
644 411 790 480 orationis,
806 410 900 469 lusum

116 523 200 586 atque
220 521 353 581 tractum,
367 521 475 567 etcum
496 511 614 567 lenitate
631 509 754 584 quadam
768 507 900 583 aequabili

114 607 269 684 profluens,
290 606 352 663 siue
377 605 431 663 hac
454 606 585 682 judiciali
607 605 767 682 asperitate,
789 614 817 661 ct
838 605 900 662 sine

115 704 322 760 sententiarum
349 702 503 760 sorensium
532 702 650 772 aculeis,
671 701 900 778 persequendum

114 810 166 856 est.
209 799 318 856 Harum
346 809 386 857 tot
412 809 612 872 tantarumque
639 817 733 855 rerurn
760 797 931 854 videtisneb

115 896 174 956 ulla
197 914 262 952 esse
289 905 442 971 praecepta,
470 914 532 970 quae
559 895 589 952 in
617 895 724 952 artibus
753 893 898 950 rhetorum

113 991 311 1067 reperiantur?

154 1085 190 1145 In
205 1089 306 1146 eodem
325 1087 440 1144 silentio
460 1087 550 1146 multa
571 1086 627 1144 alia
644 1097 789 1144 oratorum
803 1086 899 1144 officia

111 1184 274 1260 jacuerunt,
289 1183 510 1254 cohortationes,
532 1183 753 1252 consolationes,
773 1201 898 1258 praecep-

114 1290 154 1350 ta,
170 1280 330 1349 admonita,
355 1298 418 1354 quae
438 1279 588 1336 tractanda
608 1289 673 1336 sunt
694 1279 791 1336 omnia
810 1279 897 1334 diser·
916 1290 949 1338 10¹

114 1376 240 1435 tissime:
267 1376 317 1432 sed
344 1375 440 1432 locum
463 1393 547 1432 suum
569 1374 598 1431 in
619 1374 675 1431 illis
696 1374 813 1445 artibus,
834 1393 897 1449 quae

114 1468 225 1526 traditae
252 1478 327 1540 sunt,
356 1468 461 1525 habent
487 1467 605 1526 nullum.
660 1467 757 1542 Atque
783 1467 813 1524 in
841 1467 898 1526 hoc

114 1549 283 1642 generalla
296 1583 409 1639 quoque
423 1574 466 1620 est
480 1563 591 1620 infinita
605 1562 684 1634 silva,
698 1564 774 1638 quod
791 1564 897 1622 oratori

113 1660 240 1735 plerique
263 1660 308 1736 (ut
326 1660 412 1717 etiarn
432 1659 554 1716 Crassus
568 1658 705 1737 ostendit)
721 1659 778 1717 duo
792 1677 898 1736 genera

115 1756 150 1813 ad
166 1756 318 1813 dicendum
340 1756 494 1825 dederunt;
516 1774 605 1812 unum
619 1755 655 1811 de
670 1755 749 1812 certa
770 1753 899 1812 definini-
915 1769 950 1818 15

113 1871 169 1928 que
190 1853 287 1924 causi,
306 1851 403 1927 quales
423 1862 499 1924 sunt,
520 1871 583 1926 quae
605 1851 637 1908 in
655 1850 763 1922 litibus,
784 1870 847 1925 quae
868 1851 898 1908 in

113 1949 366 2006 deliberationibus
386 1957 549 2017 versantur3
573 1948 667 2018 addat,
684 1946 708 2003 si
729 1947 792 2021 quis
812 1947 897 2020 volet,

113 2045 199 2102 etiarn
219 2044 412 2102 laudationes:
435 2044 564 2113 alterurn,
579 2044 655 2118 quod
678 2042 819 2118 appellant
839 2063 899 2100 om·

112 2159 165 2196 nes
196 2139 254 2196 lere
286 2140 450 2214 scriptores,
478 2138 602 2214 explicat
635 2157 729 2208 nemo,
758 2137 897 2196 infinitam

111 2236 236 2314 generis,
257 2236 319 2293 sine
339 2246 467 2311 ternpore
487 2245 515 2292 et
536 2235 597 2290 sine
618 2235 749 2310 persona,
768 2237 899 2309 quaestio·
913 2251 948 2300 20

112 2352 188 2389 nem.
231 2320 298 2388 Hoc
323 2332 392 2406 quid
416 2341 445 2388 et
465 2343 602 2407 quantum
624 2330 670 2402 sit,
692 2349 757 2387 cum
786 2331 896 2403 dicunt,

112 2428 273 2504 intelligere
294 2427 363 2484 mihi
384 2446 442 2483 non
458 2427 597 2484 videntur.
640 2427 671 2484 Si
686 2427 763 2484 enirn
778 2438 820 2484 est
834 2447 897 2485 ora·

111 2525 191 2594 toris,
211 2542 398 2599 quaecumque
418 2542 463 2578 res
484 2523 594 2580 infinite
621 2522 715 2598 posita
738 2523 783 2594 sit,
805 2524 840 2580 de
861 2525 896 2582 eti

111 2639 195 2696 posse
215 2621 328 2689 dicere;
350 2619 505 2676 dicendum
526 2620 578 2676 erit
600 2619 637 2688 ei,
659 2629 765 2694 quanta
779 2620 814 2677 sit
828 2622 896 2678 solis

9 2758 10 2769 ,
111 2716 290 2792 magnitudo,
309 2735 371 2790 quae
393 2716 481 2772 forma
500 2725 599 2772 terrae:
620 2716 656 2772 de
676 2716 895 2789 mathematicis,
911 2731 946 2780 25

110 2813 147 2870 de
168 2812 285 2869 musicis
306 2813 401 2882 rebus,
421 2829 480 2867 non
499 2811 614 2886 poterit,
634 2811 702 2886 quin
721 2811 817 2883 dicat,
839 2813 895 2870 hoc

110 2926 199 2966 onere
219 2920 362 2983 suscepto,
377 2925 518 2964 recusare.
559 2907 692 2980 Denique
712 2908 749 2978 ei,
764 2908 813 2981 qui
833 2927 896 2983 pro-

110 3005 206 3064 fitetur
226 3023 289 3062 esse
309 3023 403 3074 suum,
417 3023 474 3062 non
487 3003 579 3061 solum
595 3002 630 3058 de
644 3002 680 3059 iis
696 3003 898 3062 controversiis
