2109 3417
115 344 195 404 1..11.1
396 344 439 392 DE
461 344 625 392 ORATORE.

112 493 151 550 sit
163 492 255 569 prima
267 491 391 569 partitio,
406 493 482 569 quod
496 493 590 550 facete
603 492 724 563 dicatur,
739 488 769 550 ld
783 490 853 551 ulias
866 490 897 551 in

114 607 145 645 re
160 588 268 660 habeti,
284 589 353 646 alias
366 589 395 645 in
410 591 510 659 verbo;
533 589 644 646 facetiis
665 598 758 646 autem
775 590 898 647 maxime

114 684 245 742 homines
266 686 410 756 delectari,
424 686 449 741 si
464 685 578 760 quando
598 685 671 742 risus
688 686 851 762 conjuncte,
866 704 898 743 re

113 782 265 856 verboque,
280 791 434 857 movpatur.
476 782 535 839 Sed
550 784 605 839 hoc
619 792 802 853 mementote,
816 800 898 857 quos-

113 896 238 951 cumque
256 878 338 935 locos
356 878 504 954 attingam,
518 877 595 934 unde
609 878 731 935 ridicula
744 878 896 950 ducantur,
912 880 929 931 5

111 989 149 1030 ex
162 973 263 1031 iisdem
278 972 349 1031 locis
363 973 422 1030 fere
435 974 520 1031 etiam
536 991 635 1049 graves
646 974 800 1031 sententias
813 965 897 1050 posse

112 1068 198 1125 duci:
219 1078 329 1126 tantum
350 1068 477 1140 interest,
492 1070 568 1143 quod
588 1069 712 1145 gravitas
727 1070 854 1127 honestis
867 1069 897 1127 in

112 1166 198 1222 rebus
218 1183 325 1236 severe,
338 1165 421 1241 jocus
435 1166 465 1221 in
485 1166 636 1239 turpiculis
656 1176 684 1222 et
705 1165 785 1240 quasi
806 1165 898 1223 desor-

113 1262 217 1332 mibus,
228 1261 360 1337 ponitur;
381 1261 458 1319 velut
471 1262 501 1318 iu
516 1262 618 1318 iisdem
634 1262 726 1319 verbis
739 1272 768 1319 et
781 1262 897 1319 laudare

113 1357 189 1433 frugi
202 1376 314 1414 servum
330 1376 488 1433 possumus,
503 1366 542 1427 et,
557 1356 581 1413 si
595 1367 784 1431 estnequam,
796 1357 896 1433 jocari.
913 1360 944 1411 1⁰

113 1452 283 1510 Ridiculum
304 1463 347 1511 est
368 1453 437 1510 illod
450 1453 650 1510 Neronianum
663 1463 743 1509 vetus
757 1454 786 1509 in
801 1452 898 1511 furace

113 1568 205 1621 servo,
220 1550 349 1607 “Solum
369 1568 442 1619 esse,
458 1549 507 1606 cui
526 1548 605 1605 domi
625 1549 697 1604 nihil
718 1548 754 1605 sit
774 1566 829 1605 nec
849 1550 898 1605 ob-

113 1645 268 1722 signatum,
291 1665 347 1704 nec
367 1646 556 1703 occlusum:''
578 1645 653 1720 qnod
675 1644 751 1701 idem
772 1644 801 1701 in
822 1644 898 1701 bono

113 1760 195 1799 servo
208 1742 267 1800 dici
282 1743 370 1812 solet3
392 1742 441 1799 sed
456 1742 512 1799 hoc
525 1742 627 1799 iisdem
642 1740 729 1801 etiam
741 1740 843 1797 verbis.

153 1838 198 1895 Ex
208 1838 309 1896 iisdem
322 1848 416 1896 autem
427 1838 500 1895 locis
510 1838 608 1896 omnia
618 1848 783 1895 nascuntur.
821 1836 897 1894 Nam
913 1840 945 1893 15

112 1933 190 2008 quod
210 1934 259 2009 Sp.
280 1933 416 2005 Carvilio,
438 1934 559 2009 graviter
586 1933 762 1991 claudicanti
786 1952 821 1990 ex
840 1933 899 1990 vul·

113 2048 182 2087 nere
196 2031 234 2086 ob
247 2030 453 2106 rempublicam
469 2038 598 2105 accepto,
613 2041 641 2087 et
654 2031 690 2088 ob
704 2048 767 2087 eam
783 2048 898 2087 causam

112 2126 318 2183 verecundanti
339 2126 368 2183 in
387 2126 536 2201 publicum
560 2126 684 2201 prodire,
706 2136 795 2182 mater
816 2125 897 2197 dixit,

114 2223 225 2284 “Quin
245 2222 351 2298 prodis,
373 2224 412 2280 mi
439 2224 545 2299 Spuril
579 2223 815 2298 quotiescumque
836 2242 899 2299 gra-

113 2317 182 2374 dum
207 2319 305 2390 facies,
326 2320 411 2377 toties
433 2320 486 2376 tibi
506 2330 620 2376 tuarum
644 2319 779 2375 virtutum
804 2320 898 2376 veniat
913 2330 944 2379 20

114 2413 145 2471 iu
180 2417 338 2486 mentem,''
366 2416 533 2491 praeclarum
560 2424 589 2471 et
616 2432 700 2491 grave
728 2424 787 2471 est:
822 2416 898 2490 quod

113 2509 237 2566 Calvino
269 2511 391 2567 Glaucia
423 2510 608 2581 claudicanti,
636 2510 722 2567 “Ubi
749 2519 792 2567 est
818 2524 899 2569 vetus

114 2605 206 2665 illudt
239 2624 307 2663 uum
331 2605 496 2662 claudicas‘l
530 2616 558 2663 at
583 2606 630 2664 hic
655 2606 808 2676 clodicat,'’
833 2606 899 2663 ridi·

113 2701 213 2760 culum
233 2713 293 2758 est:
313 2710 342 2757 et
360 2712 510 2777 utrumque
531 2720 566 2758 ex
586 2720 631 2774 eo,
647 2702 721 2777 quod
742 2702 771 2758 in
793 2702 900 2759 claudi·

113 2799 230 2857 catione
247 2798 432 2855 animadverti
446 2799 548 2873 potuit,
564 2809 607 2855 est
620 2800 746 2855 ductum.
789 2798 898 2860 “Quid
913 2808 944 2856 25

114 2896 171 2953 hoc
196 2895 299 2953 Naevio
326 2894 499 2972 ignaviusl''
534 2912 631 2951 severe
663 2894 779 2969 Scipio:
814 2904 841 2951 at
868 2895 898 2951 in

114 2991 189 3050 male
208 2992 343 3066 olentem,
364 2990 488 3049 “Video
513 3010 560 3049 mc
581 3010 597 3049 a
616 3000 645 3049 te
665 2990 897 3061 circumveniri,''
