2109 3417
111 281 151 339 5⁴
432 292 476 339 DE
496 292 660 341 ORATORE.
853 292 944 351 *tt-lt

154 446 248 513 putes,
261 438 332 497 nihii
348 439 378 499 iu
391 441 480 499 causti
499 441 567 499 mali
588 441 693 514 facere,
709 450 740 499 ut
753 438 824 499 nihil
844 439 899 499 tibi
912 440 944 499 in

156 545 268 593 oratore
282 537 373 613 majus
387 555 450 597 esse
463 538 600 597 videatur.

196 727 333 787 LXXIV.
365 728 469 787 Dicunt
483 728 626 804 equidem,
641 719 862 803 Cesaninquit,
873 728 943 805 quid

158 822 331 900 intelligam:
353 825 450 884 sedet
469 835 511 895 tu,
526 835 555 884 et
569 844 619 883 vos
639 844 739 883 omnes
757 825 823 896 boo,
838 825 941 900 inquit,

128 925 341 991 mementote,
361 940 418 979 non
439 940 485 980 me
504 921 542 979 de
560 921 680 996 perfecti
700 921 822 979 oratoris
842 922 944 979 divini-

157 1026 216 1074 tate
248 1016 372 1092 qnidam
403 1017 491 1091 loqui,
519 1017 570 1074 sed
599 1017 636 1073 de
669 1017 881 1075 exercitationis
914 1028 943 1075 et
1038 1088 1039 1091 Ἰ

158 1113 376 1171 consuetudinis
402 1131 473 1171 meae
500 1114 707 1173 mediocritate.
757 1114 855 1173 Crassi
881 1114 944 1189 qni-
1038 1138 1039 1167 t

158 1208 223 1266 dem
244 1227 411 1285 responsum
430 1210 598 1267 excellentis
614 1210 761 1287 cujusdam
775 1220 820 1269 est
833 1210 942 1287 ingenii
1038 1210 1039 1215 ’

160 1323 195 1362 ac
213 1304 382 1381 singularis3
403 1305 451 1363 cui
471 1306 608 1381 quiddam
627 1306 751 1382 portenti
772 1306 865 1363 simile
879 1324 943 1363 esse

114 1411 145 1459 to
159 1400 249 1458 visum
269 1413 321 1472 est,
339 1420 423 1477 posse
444 1402 566 1476 aliquem
587 1402 707 1460 inveniri
727 1412 878 1473 oratorem,
892 1404 943 1478 qui

159 1497 266 1573 aliquid
279 1498 347 1557 mali
361 1498 468 1556 faceret
481 1498 616 1570 diceudo,
627 1500 794 1575 obessetque
807 1498 846 1570 ei,
857 1518 943 1575 quern

159 1593 340 1653 defenderet:
362 1594 431 1654 facit
445 1595 521 1653 enim
537 1595 614 1659 dese
626 1595 838 1672 conjecturam
860 1597 944 1672 eujus

157 1691 293 1749 tentaris
306 1691 414 1766 ingenii
435 1705 487 1762 est,
503 1701 534 1750 ut
554 1691 708 1762 neminem,
723 1691 778 1749 nisi
799 1692 942 1765 consulto,

157 1796 247 1861 putat,
260 1787 337 1860 quod
351 1797 452 1845 contra
470 1788 595 1863 seipsum
611 1787 657 1858 sit,
672 1787 785 1857 dicere3
808 1787 872 1864 (sed
886 1806 944 1865 ego

113 1894 144 1941 15
158 1900 216 1939 non
236 1883 273 1939 de
291 1884 436 1958 prestanti
456 1883 579 1959 quddam
599 1884 762 1955 maximini,
782 1885 831 1943 sed
852 1902 944 1961 prope

158 1978 195 2035 de
215 1978 324 2054 vulgari
343 1990 373 2037 et
392 1980 539 2039 communi
558 1980 711 2055 prudentii
737 1980 882 2060 disputo;)
911 1992 944 2039 nt

159 2074 234 2151 apud
254 2075 373 2133 Grecos
392 2076 479 2134 fertur
499 2076 661 2136 incredibili
681 2077 805 2151 quidam
833 2078 944 2155 magni·

158 2171 258 2229 tudine
285 2171 398 2229 consilii
425 2182 509 2247 atque
536 2173 644 2249 ingenii
671 2174 858 2233 Atheniensis
891 2174 944 2231 ille

158 2268 244 2325 fuisse
271 2267 498 2339 Themistocles;
526 2269 562 2327 ad
584 2288 668 2343 quem
695 2269 810 2344 quidem
838 2271 944 2329 doctus

111 2372 143 2422 20
158 2365 254 2434 homo,
268 2373 352 2438 atque
372 2364 403 2421 in
422 2365 521 2439 primis
540 2366 679 2437 eruditus,
694 2366 850 2425 secessisse
870 2368 944 2427 dici·

156 2470 212 2531 tur,
236 2460 320 2534 eique
347 2470 437 2517 artem
462 2462 617 2532 memorie,
640 2482 703 2537 que
729 2474 789 2521 tum
816 2462 942 2538 primum

156 2555 361 2632 proferebatur,
375 2557 521 2632 pollicitus
535 2576 606 2629 esse,
620 2577 651 2615 se
665 2559 850 2617 traditurum:
873 2578 941 2621 cum

155 2652 205 2709 ille
225 2651 380 2725 quaesisset,
401 2654 537 2727 quidnam
557 2654 606 2713 ilis
626 2673 670 2713 ars
694 2655 807 2713 efficere
833 2666 940 2731 posset,
1039 2682 1040 2689 ¹

156 2747 262 2806 dixisse
276 2748 355 2807 iilum
369 2750 527 2821 doctorem,
543 2762 573 2809 ut
587 2750 683 2809 omniu
697 2752 873 2813 meminisset
881 2773 888 2823 ;
909 2762 941 2811 et

102 2852 141 2903 ,25
155 2844 184 2903 ei
204 2844 431 2905 Themistoclem
451 2847 640 2922 respondisse,
654 2849 763 2925 gratius
782 2849 837 2907 sibi
857 2850 940 2909 illum

155 2958 218 3000 esse
238 2941 390 3014 facturum,
410 2942 435 3000 si
455 2961 487 3001 se
504 2942 645 3015 oblivisci,
662 2962 726 3019 quae
745 2944 839 3016 vellet,
852 2964 940 3021 quem

155 3038 181 3099 si
206 3039 380 3111 meminsse,
399 3038 553 3099 decuisse.
597 3040 824 3116 ¹Videsne-quse
845 3042 939 3101 visin
