2109 3417
110 293 150 351 4⁰
428 304 471 351 nn
492 304 654 353 onaronn.
856 306 939 365 [nn.

157 452 242 511 aliam
254 471 318 511 essa
327 453 396 529 joci,
408 454 491 514 aliam
502 454 676 524 severitatis3
697 454 825 530 gravium
841 464 938 512 autem

155 558 186 607 at
202 548 333 625 jocorum
354 569 438 607 unam
451 570 515 607 asae
534 551 683 610 rationem.
723 550 835 609 Ornant
850 551 939 627 igitur

156 645 295 721 imprimis
308 648 465 705 orationem
479 648 566 705 verba
579 647 668 705 relata
680 648 838 716 eontrari03
860 647 936 722 quod

157 741 232 798 idern
246 760 336 817 genua
351 762 427 819 aaepa
439 754 483 800 est
495 744 582 803 etiarn
603 743 742 812 facetum3
764 755 804 813 ut,
820 743 938 800 Servius
1038 764 1039 777 ¹

126 838 205 896 aille
231 839 332 910 Galba,
357 858 422 899 amu
446 840 558 915 judices
585 838 617 897 L.
643 840 794 897 Scribonio
821 840 937 897 tribuno

155 934 247 1010 plebia
267 934 352 995 ferret
378 935 531 995 familiares
557 954 631 1005 auos,
652 945 681 993 et
707 934 825 994 dixisset
850 935 936 1006 Libo,
1039 1008 1040 1011 Ἴ

158 1030 313 1093 “Quando
335 1032 460 1105 tandem,
480 1032 583 1103 Galba,
605 1033 640 1091 de
660 1031 785 1091 triclinio
808 1042 858 1091 tuo
879 1033 939 1091 exi·

156 1126 244 1185 bisl”
285 1128 389 1188 “Cum
403 1131 461 1200 tu,’'
474 1128 576 1203 inquit,
587 1135 606 1161 “
616 1128 652 1190 de
664 1128 797 1187 cubiculo
812 1128 935 1187 alian0.”

156 1222 185 1281 Α
199 1240 255 1297 quo
266 1242 372 1299 genere
386 1244 423 1283 ua
442 1225 513 1282 illud
533 1224 647 1300 quidam
667 1224 819 1300 plurimum
841 1224 937 1295 distat,

111 1334 142 1382 10
156 1321 232 1394 quod
265 1319 388 1379 Glaucia
419 1320 550 1392 Metello,
583 1328 601 1354 ‘⁴
612 1321 717 1381 Villam
750 1321 779 1377 in
812 1320 937 1379 Tiburte

155 1415 254 1485 habes,
268 1426 377 1475 nortem
391 1416 421 1475 in
434 1417 573 1476 Palatio.''

193 1609 302 1671 LXVI.
333 1610 381 1669 Aa
407 1611 557 1670 verborum
587 1611 702 1686 quidem
735 1628 853 1687 genera
872 1630 937 1685 quae

154 1717 250 1766 emant
276 1706 378 1777 sanata,
405 1706 510 1765 diuisae
536 1724 582 1765 ma
607 1718 694 1782 puto:
726 1726 821 1765 rerum
854 1709 938 1783 plura

155 1813 237 1873 aunt,
265 1821 356 1877 eaque
376 1803 467 1879 magia
488 1802 533 1880 (ut
553 1803 612 1861 dixi
633 1805 712 1882 ante)
732 1804 877 1861 ridemur:
905 1804 936 1861 in

109 1904 141 1953 15
155 1898 258 1974 quibua
277 1910 321 1957 aar
338 1899 480 1970 narrati03
508 1918 553 1959 res
573 1917 642 1957 sana
662 1900 794 1959 difficilis.
834 1900 938 1976 Expri-

154 1995 260 2053 manda
278 1995 353 2053 enim
373 2007 450 2068 aunt,
470 2006 501 2055 at
517 1996 652 2072 ponenda
675 2006 742 2053 anta
760 1996 868 2067 oeulos,
889 2013 935 2067 ea,

154 2110 216 2165 quae
227 2090 374 2152 videantur
386 2112 448 2151 aare
458 2082 622 2151 verisimilia
634 2090 723 2168 (quod
734 2100 777 2151 est
790 2092 937 2169 proprium

154 2188 349 2269 narrationis),
363 2199 394 2246 at
405 2208 468 2263 quaa
481 2189 539 2247 aiut
553 2188 643 2264 <quod
663 2188 777 2247 ridiculi
791 2188 937 2265 proprium

155 2285 212 2362 est)
224 2285 386 2361 subturpia:
408 2284 490 2360 nujus
502 2284 673 2360 exemplum,
685 2295 716 2343 ut
727 2284 935 2356 brevissimum,

108 2386 140 2437 2⁰
155 2378 192 2437 sit·
211 2400 280 2439 sana
300 2380 380 2452 illud,
393 2380 470 2455 quod
491 2391 557 2440 aute
576 2381 669 2456 posui,
685 2381 781 2439 Crassi
795 2381 831 2440 de
845 2380 936 2437 Mam·

155 2475 220 2534 mio.
261 2476 300 2535 Et
320 2476 355 2533 ad
376 2476 433 2533 hoa
460 2495 552 2553 genus
573 2477 747 2537 ascribamus
767 2477 853 2535 etiam
874 2496 936 2535 nar·

154 2572 280 2631 rationes
294 2571 486 2648 apologorum.
571 2616 573 2625 ,

194 2667 332 2726 Trahitur
352 2667 437 2726 etiam
463 2667 569 2742 aliquid
598 2686 633 2727 ax
658 2668 787 2739 hiatorirl,
808 2679 848 2739 ut,
869 2686 933 2727 aum
1041 2689 1042 2703 ¹

154 2764 220 2821 Sax.
240 2762 338 2823 Titius
357 2782 389 2822 aa
408 2764 597 2826 Cassandram
618 2782 681 2821 asse
699 2764 817 2835 diderat,
833 2772 851 2798 “
862 2764 935 2822 Mul-

106 2868 139 2921 25
154 2860 227 2928 tos,”
254 2858 347 2934 inquit
377 2861 529 2931 Antonius,
558 2866 700 2937 “possum
732 2871 797 2919 tuos
830 2861 935 2937 Ajaaas
1041 2867 1042 2881 ¹

154 2954 255 3015 Oilaoa
273 2958 448 3017 nominare.”
503 2957 557 3016 Eat
576 2958 662 3017 etiam
683 2976 718 3015 ex
738 2958 934 3029 similitudine,

148 3071 218 3129 uua
238 3063 289 3113 aut
305 3054 488 3114 uallatianam
506 3053 602 3124 habet,
618 3062 667 3113 ant
685 3065 820 3128 tauquam
837 3054 936 3131 imagi·
