2109 3417
135 296 217 357 nn]
415 295 460 347 os
479 295 644 345 oudone.
911 284 968 346 ιω

133 442 277 505 dubitavit
296 442 422 502 excitare
441 461 521 502 reum
542 441 732 515 consularem,
751 451 781 502 et
800 442 862 520 ejus
881 441 924 500 di·

133 539 259 598 loricare
272 539 410 611 tunicam,
423 548 454 598 ct
464 539 611 615 jndicibus
628 539 780 597 cicatrices
793 538 923 598 edversss

135 635 215 692 senis
234 635 413 710 imperatoris
431 635 603 694 ostendere?
623 634 672 710 qui
692 635 778 708 idem,
799 636 856 694 hoc
876 654 924 694 sc·

136 740 258 788 cussnte
293 729 435 805 Sulpicio,
468 748 536 788 cum
573 730 719 790 hominem
754 730 921 790 seditiosum

138 825 333 900 furiosumque
353 826 528 898 defenderet,
544 845 602 884 non
616 826 755 886 dubitavit
768 825 922 886 sseditione
936 833 952 882 5

135 921 214 998 ipsos
233 940 345 994 ornere,
360 941 395 980 sc
410 922 606 982 demonstrare
625 922 799 1000 gravissimis
819 922 921 995 verbis,

137 1018 243 1076 multos
261 1037 337 1094 sepo
357 1018 480 1094 impetus
498 1017 597 1094 populi
617 1037 675 1076 non
702 1018 823 1094 injustos
843 1037 921 1089 esse;

136 1132 210 1189 quos
228 1125 362 1190 prestere
381 1133 467 1172 nemo
486 1115 595 1190 possit?
615 1113 718 1172 multos
737 1115 824 1172 etiam
843 1133 860 1173 e
880 1133 923 1172 re·

136 1210 254 1286 publicd
267 1210 423 1268 seditiones
436 1230 511 1286 sepe
524 1229 588 1267 csse
602 1210 700 1282 sectas,
716 1221 745 1268 nt
760 1229 826 1270 cnm
840 1229 922 1288 reges

133 1316 234 1363 essent
257 1307 360 1379 execti,
381 1317 412 1364 ut
433 1325 499 1364 cnm
522 1307 678 1368 tribunicio
700 1317 825 1383 potestas
847 1318 922 1368 esset
936 1315 967 1366 10

137 1402 318 1478 constitulnl
338 1403 415 1461 illam
438 1403 569 1462 Norbani
589 1404 770 1476 seditionem,
783 1423 820 1462 ex
840 1403 920 1462 luctu

135 1496 254 1569 civium,
281 1508 311 1556 et
337 1517 373 1558 cx
400 1498 546 1574 Cepionis
578 1499 656 1572 odio,
683 1499 731 1574 qui
764 1500 921 1558 exercitum

138 1592 279 1664 omiserat,
303 1611 397 1669 neque
419 1593 536 1669 reprimi
561 1594 698 1669 potuisse,
722 1605 751 1652 et
771 1595 836 1670 jure
858 1613 921 1652 osse

133 1688 311 1748 conflatnml
351 1688 447 1749 Potuit
466 1689 514 1748 hic
534 1690 616 1748 locus
642 1699 701 1748 tnm
728 1708 841 1766 anceps,
862 1700 921 1748 tem

136 1785 293 1856 inauditos,
306 1795 364 1844 lem
378 1785 515 1858 lubricus,
529 1796 588 1844 tem
602 1804 703 1859 novus,
717 1786 779 1844 sine
799 1787 919 1862 quddam
936 1798 966 1846 15

136 1881 301 1939 incredibili
310 1881 339 1940 vi
349 1901 385 1941 sc
395 1882 531 1940 facilitate
542 1881 657 1940 dicendi
671 1881 806 1941 tractari?
837 1882 920 1944 Quid

132 1996 193 2054 ego
206 1978 243 2035 de
256 1978 311 2036 Cn.
326 1977 439 2050 Manlii,
450 1978 517 2054 quid
532 1978 568 2035 do
581 1978 621 2040 Q·
633 1978 726 2056 Regis
740 1979 921 2038 commisere·

135 2074 216 2138 lione
235 2075 350 2134 dicnml
370 2077 439 2151 qnid
459 2077 495 2133 de
516 2076 579 2136 eliis
595 2076 868 2136 innumerabilibusl
890 2077 919 2136 in

135 2170 241 2246 quibus
253 2190 313 2235 non
327 2172 384 2230 hoc
395 2171 518 2230 maxime
531 2172 644 2243 enituit,
658 2173 734 2247 quod
755 2172 807 2230 tibi
820 2190 920 2232 omnes

132 2265 216 2337 dant,
231 2285 352 2328 acumen
364 2268 506 2343 quoddam
526 2267 680 2344 singulare,
694 2268 744 2326 sed
765 2269 826 2326 hec
848 2268 918 2344 ipss,
933 2277 965 2328 2⁰

133 2381 200 2437 que
219 2381 298 2421 nunc
319 2364 354 2423 nd
373 2382 420 2420 me
439 2363 571 2440 delegare
591 2365 642 2436 vis,
657 2383 692 2422 en
711 2383 821 2439 semper
842 2364 872 2423 in
890 2375 919 2422 te

130 2457 242 2517 eximin
254 2468 283 2519 el
295 2460 459 2535 prestantia
471 2459 593 2518 luerunt.

175 2650 294 2712 XXIX.
324 2652 403 2711 Tum
430 2651 560 2725 Catulus,
581 2652 645 2730 Ego
666 2671 744 2726 vero,
764 2652 866 2730 inquit,
888 2655 917 2714 in

133 2747 218 2806 vobis
242 2748 299 2806 hoc
324 2749 448 2806 maxime
474 2749 607 2808 admirari
634 2750 723 2820 soleo,
743 2749 828 2824 quod,
851 2769 917 2810 cnm

133 2844 273 2904 intervos
286 2844 455 2903 indicendo
474 2843 655 2903 dissimillimi
676 2844 747 2916 sitis,
762 2845 802 2902 ita
820 2855 916 2904 temen
931 2857 963 2906 25

134 2949 254 3015 oletque
267 2941 390 2998 vcsnnm
403 2940 492 3012 diost,
506 2951 539 2998 nt
551 2941 578 2998 ci
593 2940 664 3000 nihil
678 2959 771 3014 neque
786 2960 802 2998 n
815 2943 916 2998 naturd

8 3080 9 3085 κ
130 3033 318 3115 oengusum,
336 3053 431 3110 neque
451 3053 468 3094 n
486 3035 619 3094 doctrind
638 3054 695 3094 non
716 3036 840 3094 delatum
854 3052 917 3092 esso
