2109 3417
126 271 156 318 m
167 271 210 330 nr
408 271 453 323 uu
473 269 636 318 unisona.
900 261 956 321 113

125 421 253 498 cognitis
273 421 358 478 rebus
377 421 520 494 omnibus,
535 439 596 497 que
612 421 646 482 ad
662 430 769 480 tantam
789 419 913 497 pruden-

125 519 195 576 tiam
229 519 413 595 pertinerent,
441 528 604 593 tantamque
637 518 753 576 dioendi
787 517 910 594 copiam,

126 626 234 690 quanta
260 616 289 672 in
315 615 371 672 illis
399 615 493 686 tirerlt,
519 633 578 672 non
605 615 731 690 potuisse
765 615 909 673 confirmo.

124 711 198 772 Quo
224 712 310 768 etiam
337 712 393 769 faoi
419 711 564 782 libentius,
588 721 620 768 ut
646 729 711 768 eum
739 729 908 782 sermonem,

125 827 211 884 quam
233 808 274 865 illi
294 810 437 882 quondam
459 808 532 864 inter
547 826 577 864 se
592 808 627 864 de
642 807 686 864 his
700 808 784 864 rebus
798 807 941 865 habuis-5

126 914 201 974 sent,
222 904 386 963 mandarem
406 903 514 961 literis:
535 903 578 960 rel
600 914 630 960 ut
650 903 699 961 illa
718 903 826 979 opinio,
847 923 910 978 quae

125 1019 237 1077 semper
258 1001 365 1073 firisset,
384 1001 541 1071 tolleretur,
563 1001 681 1058 alterum
702 1019 760 1058 non
781 1000 913 1058 doctissi-

125 1116 216 1168 mum,
232 1096 350 1154 alterum
364 1096 448 1172 plane
464 1097 622 1168 indoctum,
638 1097 741 1167 fuisse3
762 1097 805 1154 vel
821 1106 852 1154 ut
865 1115 910 1170 ea,

125 1213 190 1269 quae
210 1194 401 1251 existimaram
423 1193 577 1250 asummis
604 1194 764 1252 oratoribus
791 1194 826 1251 de
853 1193 912 1252 elo-

126 1290 245 1364 quentid
265 1289 483 1364 divinitus-esse
503 1289 591 1361 diota,
613 1290 786 1347 custodirem
810 1289 910 1360 literis,
926 1295 957 1344 10

125 1385 150 1441 si
173 1384 231 1442 ullo
250 1385 335 1442 modo
363 1385 474 1458 assequi
501 1385 711 1461 complectique
736 1385 910 1460 potuissem

124 1480 181 1550 vel,
197 1480 375 1552 mehercule,
407 1481 492 1538 etiam
520 1491 552 1537 ut
578 1481 692 1538 laudem
719 1499 828 1552 eorum,
852 1481 912 1558 jam

124 1595 216 1653 prope
243 1586 450 1648 senescentem,
478 1586 615 1650 quantum
643 1595 697 1652 ego
723 1595 847 1652 possem,
876 1577 912 1634 ab

125 1673 270 1731 oblivione
291 1673 437 1729 hominum
459 1682 543 1746 atque
563 1672 707 1729 asilentio
727 1672 910 1730 vindicarem

127 1769 157 1826 N
160 1788 214 1839 am,
229 1769 253 1825 si
267 1769 429 1843 exscriptis
443 1768 582 1844 cognosci
596 1768 650 1843 ipsi
663 1768 722 1824 suis
741 1769 910 1844 potuissent,
928 1769 959 1817 15

126 1866 222 1923 minus
242 1863 299 1921 hoo
319 1865 438 1922 fortasse
457 1864 527 1921 mihi
548 1882 610 1921 esse
624 1863 768 1939 putissem
783 1864 912 1922 laboran-
961 1872 964 1878 '

126 1962 213 2018 dum:
234 1962 295 2033 sed,
309 1979 376 2018 oum
390 1959 460 2018 alter
478 1979 537 2018 non
558 1961 677 2017 multum
693 1960 780 2037 (quod
796 1961 910 2036 quidem

125 2061 274 2138 exstaret),
305 2068 335 2115 et
361 2057 391 2114 id
418 2057 510 2132 ipsum
540 2056 715 2128 adolescens,
744 2058 813 2116 alter
839 2057 910 2115 nihil

127 2154 281 2211 admodum
305 2152 403 2228 scripti
427 2153 603 2227 reliquisset3
632 2153 730 2211 deberi
752 2155 807 2212 hoo
829 2173 846 2212 a
865 2173 911 2212 me

125 2250 214 2307 tantis
235 2249 381 2306 hominum
402 2247 526 2324 ingeniis
547 2248 654 2323 putavi,
675 2259 716 2320 ut,
738 2267 803 2306 oum
825 2248 910 2307 etiam
927 2255 960 2306 at

125 2364 207 2403 nune
219 2345 311 2402 vivam
332 2344 446 2402 illorum
466 2343 631 2402 memoriam
651 2353 822 2415 teneremus,
836 2345 912 2404 hano

126 2441 318 2500 immortalem
345 2441 503 2511 redderem,
524 2439 549 2498 si
568 2458 689 2516 possem.
738 2440 827 2502 Quod
855 2441 911 2500 hoo

125 2537 214 2595 etiam
229 2555 278 2614 spe
292 2537 443 2614 aggredior
461 2537 568 2612 majore
589 2537 623 2595 ad
644 2537 832 2611 probandum,
846 2538 912 2613 quia

126 2653 185 2692 nou
205 2634 242 2690 de
262 2635 324 2690 Ser.
345 2633 445 2690 Galba
466 2643 514 2690 aut
534 2633 568 2690 Ο.
588 2632 730 2690 Carbonis
749 2632 912 2710 eloquentii

126 2730 224 2788 eoribo
238 2729 354 2804 aliquid,
369 2729 399 2787 in
413 2748 471 2804 quo
483 2729 570 2787 liceat
583 2729 652 2786 milri
674 2729 792 2806 lingere,
806 2730 830 2787 si
844 2730 910 2805 quid
928 2735 960 2785 25

125 2827 223 2898 velim,
241 2825 347 2884 nullius
367 2826 505 2884 memorii
522 2826 581 2902 jam
602 2825 765 2883 refellente:
787 2825 837 2882 sed
857 2825 912 2882 edo

126 2924 201 2996 hiae,
223 2923 257 2980 iis
276 2923 488 3001 cognoscenda,
505 2922 554 2998 qui
574 2939 625 2980 eos
645 2921 730 2998 ipsos,
752 2923 789 2979 de
809 2921 912 2996 quibus

366 3017 430 3076 lu*
