2109 3417
111 317 181 379 nn]
392 319 435 365 nu
456 317 619 367 onerose.
882 307 939 370 lot

483 405 491 438 ,
663 404 667 410 .

109 467 172 524 sius
186 476 215 524 et
228 467 331 539 lenius,
351 485 435 542 quam
456 467 583 524 solebas:
604 485 697 542 neque
717 467 812 525 minus
831 467 894 526 brec

110 573 207 620 tamen
221 575 270 620 tna
283 563 442 640 gravissimi
463 564 602 620 sermonis
620 563 731 635 lenitas,
747 583 830 640 quarn
845 565 894 623 illa

110 679 223 716 summa
249 661 291 717 vis
324 670 353 717 et
385 661 543 732 contentio,
569 657 720 735 probatur:
754 661 893 736 multique

110 767 237 812 oratores
259 756 381 826 luerunt,
403 756 534 813 utillum
559 756 723 831 Scipionem
752 757 892 830 audimus,

109 861 138 908 et
153 852 283 922 Lelium,
298 851 345 926 qni
364 851 459 908 omnia
473 869 605 908 sermone
619 852 794 910 conficerent
807 852 892 928 paulo
904 855 921 907 5

110 947 274 1017 intentiore,
301 941 513 1021 nunqnam,‘ut
541 947 602 1004 Ser.
629 947 731 1019 Galba,
755 948 892 1006 lateribus

109 1054 159 1100 aut
184 1044 309 1101 clamore
332 1044 544 1102 contenderent.
595 1043 684 1105 Quod
708 1045 731 1101 si
753 1044 811 1120 jem
835 1045 892 1102 hoc

109 1139 206 1196 lacere
232 1159 288 1196 non
315 1139 431 1215 poteris,
454 1149 501 1196 aut
524 1139 622 1209 noles;
650 1139 764 1211 vereris,
785 1159 822 1198 ne
842 1151 892 1199 tua

107 1236 221 1304 domus,
235 1235 299 1292 talis
317 1244 347 1292 et
368 1235 419 1291 viri
439 1245 469 1291 et
489 1234 568 1304 civis,
584 1234 607 1291 si
624 1235 785 1312 elitlgiosis
801 1235 891 1293 homi·

106 1331 193 1388 nibus
214 1349 271 1387 non
291 1330 412 1402 colatur,
434 1349 450 1388 a
469 1330 572 1388 ceteris
599 1329 763 1388 deseratuil
803 1331 935 1407 Equi-1⁰

106 1427 172 1482 dem
201 1437 309 1484 tantum
338 1427 436 1483 absum
464 1426 499 1483 ab
522 1425 577 1482 isit
601 1426 752 1498 sententid,
777 1437 889 1486 utnon

107 1523 195 1579 modo
216 1542 272 1579 non
294 1522 413 1579 arbitrer
437 1522 595 1579 subsidium
617 1523 772 1579 senectutis
793 1522 822 1580 in
842 1541 889 1581 eo·

107 1637 181 1688 rum,
204 1618 252 1694 qui
280 1617 439 1674 consultum
467 1618 592 1688 veniant,
618 1617 799 1675 multitudine
826 1637 888 1677 esse

105 1715 280 1790 ponendum,
301 1715 361 1785 sed,
381 1724 514 1788 tanquam
541 1723 653 1788 portum
682 1713 815 1787 aliquem,
841 1733 889 1773 err·

105 1821 231 1887 spectem
265 1811 358 1880 istam,
391 1828 476 1884 quam
509 1818 540 1864 tu
575 1808 676 1888 times,¹
697 1808 885 1869 solitudinem.
902 1817 933 1868 15

106 1907 273 1964 Subsidium
294 1907 371 1962 enim
391 1905 577 1962 bellissimum
598 1904 729 1962 existimo
756 1921 819 1963 esse
845 1923 888 1965 se·

105 2003 215 2059 nectuti
230 2002 328 2058 otium.

135 2096 270 2173 Reliqua
302 2115 370 2154 vero
402 2095 513 2154 etiamsi
549 2094 691 2171 adjuvent,
727 2094 886 2173 (historiam

104 2192 181 2261 dico,
196 2202 225 2248 et
237 2192 416 2266 prudentiam
435 2191 507 2266 juris
526 2191 643 2266 publici,
662 2201 690 2247 et
712 2192 886 2266 antiquitatis

105 2289 170 2358 iter,
181 2299 210 2344 et
223 2288 415 2362 exemplorum
431 2287 556 2365 copiam)
572 2288 595 2343 si
610 2287 723 2362 quando
737 2306 808 2362 opus
821 2291 884 2358 erit,

106 2403 123 2442 a
142 2384 203 2441 viro
223 2385 340 2459 optimo,
360 2392 390 2440 et
410 2383 471 2439 istis
492 2383 576 2440 rebus
600 2383 825 2454 instructissimo,
847 2384 885 2440 ia·
899 2388 931 2439 et

105 2480 209 2538 miliari
229 2499 302 2550 meo,
317 2479 450 2554 Longino
469 2479 627 2538 mutuabor.
668 2477 771 2553 Neque
785 2497 886 2556 repug-

105 2576 191 2647 nabo,
215 2576 390 2652 quominus
412 2575 455 2652 (id
480 2575 556 2650 quod
580 2575 665 2632 modo
689 2575 816 2632 hortatus
839 2577 883 2655 es)

104 2672 202 2730 omnia
227 2664 457 2748 legant,'omnia
490 2671 615 2742 audiant,
643 2671 673 2728 in
699 2671 776 2728 omni
805 2682 885 2729 recto

104 2767 200 2824 studio
222 2779 305 2841 atque
325 2767 501 2824 humanitate
517 2777 680 2824 versentur:
702 2767 762 2837 sed,
777 2766 884 2824 meher-

105 2863 180 2933 cule,
194 2883 250 2921 non
267 2864 305 2921 ita
319 2863 437 2920 multum
452 2862 535 2938 spatii
549 2862 618 2920 mihi
633 2862 752 2933 videtur,
763 2863 787 2918 si
802 2860 885 2921 modo
898 2866 930 2918 ὓ

104 2979 140 3018 ea
159 2960 255 3019 lacere
274 2969 304 3017 et
321 2960 452 3035 persequi
472 2959 577 3030 volent,
599 2975 661 3032 quae
682 2975 699 3016 a
717 2968 756 3030 te,
770 2957 884 3027 Crasse,

104 3066 248 3133 precepta
272 3065 354 3125 sunt;
387 3055 436 3131 qui
463 3055 534 3114 mibi
559 3071 653 3130 prope.
680 3054 767 3112 etiarn
798 3049 885 3111 uinis
