2109 3417
12 354 17 369 ·
113 336 207 395 nm]
396 336 439 383 nn
461 335 625 383 carrona.
890 326 947 385 147

113 485 330 542 similitudinem
351 485 443 542 verbis
463 484 642 542 dictasunt:
665 492 713 543 aut
727 501 781 558 quo
795 480 901 560 signifi-

115 591 197 638 cetur
224 583 314 658 magis
341 601 386 639 res
412 591 482 652 tota,
510 564 569 637 sive
597 580 664 637 lacti
693 567 823 655 alicujus,
842 579 902 637 sive

115 678 239 747 consilii,
254 690 285 734 ut
305 678 362 747 ille,
377 677 425 751 qui
445 676 638 733 occultantem
657 676 797 746 consulto,
812 674 902 746 naid,

13 834 14 840 ἵ
115 772 192 846 quod
207 783 348 848 ageretur,
363 772 484 847 intelligi
503 781 610 846 posset,
627 771 740 828 duobus
759 770 903 828 translatis

117 868 211 925 verbis
225 868 411 925 similitudine
425 868 486 944 ipsa
500 868 620 941 indicat,
888 867 889 873 '
917 876 934 925 5

132 987 365 1078 “Quandoquidem
375 1015 422 1063 iste
433 1015 604 1064 circumvestit
615 984 696 1077 dictis,
706 1015 771 1079 sepit
781 1013 893 1063 sedulo.”

12 1201 14 1207 Α
117 1157 334 1233 Nonnunquam
362 1158 448 1214 etiam
476 1158 598 1214 brevitas
625 1156 811 1215 translatione
838 1175 906 1214 con·

117 1254 223 1325 licitur,
245 1263 277 1309 ut
300 1253 382 1324 illud,
401 1254 463 1309 “Si
486 1253 575 1310 telum
598 1272 685 1310 manu
708 1252 809 1329 fugit.”
850 1252 907 1309 Im-

116 1348 270 1424 prudentia
297 1348 347 1405 teli
381 1348 478 1403 emissi
511 1348 626 1406 brevius
657 1348 781 1423 propriis
813 1348 906 1406 verbis

118 1444 224 1519 exponi
256 1462 316 1500 non
348 1443 450 1519 potuit,
478 1462 562 1518 quam
592 1452 635 1499 est
661 1460 720 1499 uno
746 1444 908 1519 significata
922 1452 952 1501 10

116 1540 266 1597 translato.
307 1539 403 1613 Atque
425 1538 481 1595 hoc
502 1539 532 1594 in
552 1556 658 1614 genere
683 1556 811 1614 persaepe
837 1538 907 1596 mihi

121 1635 320 1693 admirandum
334 1634 455 1707 videtur,
469 1633 538 1709 quid
552 1634 598 1704 sit,
612 1633 688 1709 quod
702 1650 802 1689 omnes
820 1642 909 1691 trans·

120 1731 186 1790 latis
212 1740 241 1787 et
268 1730 368 1787 alienis
388 1730 480 1807 magis
499 1730 678 1787 delectentur
699 1727 802 1801 verbis,
823 1747 908 1805 quam

119 1828 244 1905 propriis
257 1838 286 1884 et
299 1826 367 1885 suis.

161 2021 225 2079 XL.
257 2020 343 2092 Nam,
364 2021 389 2078 si
409 2040 455 2078 res
478 2040 561 2079 suum
589 2039 695 2079 nomen
716 2030 744 2078 et
763 2019 908 2097 proprium
925 2028 956 2079 ts

121 2117 293 2176 vocabulum
314 2136 373 2175 non
394 2119 536 2186 habetat
550 2136 602 2194 pes
616 2114 646 2174 in
665 2116 739 2190 navi,
754 2126 786 2175 ut
802 2136 907 2190 aecum,

121 2213 196 2288 quod
217 2232 267 2289 per
287 2213 390 2270 libram
411 2213 514 2290 agitur,
529 2222 561 2270 ut
581 2212 611 2269 in
631 2231 719 2271 uxore
740 2213 908 2277 divortium

122 2309 278 2366 necessitas
299 2310 387 2385 cogit,
409 2310 486 2383 quod
506 2327 565 2366 non
594 2308 709 2379 habeas,
731 2308 845 2365 aliunde
865 2328 911 2367 su·

123 2421 218 2460 mere:
239 2404 299 2475 sed,
315 2404 344 2461 in
363 2423 478 2462 suorum
500 2405 651 2461 verborum
672 2404 795 2461 maximi
815 2404 909 2480 copia,

122 2510 219 2555 tamen
253 2500 383 2557 homines
417 2500 511 2557 aliena
544 2499 642 2557 multo
664 2500 765 2576 magis,
793 2500 818 2557 si
845 2510 911 2559 sunt
925 2513 956 2563 2⁰
1044 2576 1045 2581 η

123 2594 234 2653 ratione
247 2596 393 2665 translata,
409 2596 563 2653 delectant.
604 2594 639 2652 ld
660 2596 792 2653 accidere
810 2596 909 2670 credo,

123 2691 168 2748 vel
183 2691 258 2765 quod
272 2691 381 2767 ingenii
396 2692 542 2766 specimen
562 2701 605 2747 est
619 2691 771 2765 quoddam,
786 2691 910 2749 transili-

122 2806 155 2845 re
183 2796 248 2843 ante
273 2786 362 2862 pedes
394 2786 496 2861 posita,
524 2796 553 2847 et
584 2786 639 2843 alia
671 2785 757 2864 longe
790 2786 910 2863 repetita

120 2901 252 2953 sumere3
287 2883 330 2939 vel
357 2882 434 2958 quod
462 2882 496 2954 is,
520 2883 570 2957 qui
597 2882 685 2956 audit,
711 2882 768 2941 alio
795 2884 909 2941 ducitur

123 2980 309 3056 cogitatione,
328 2998 421 3055 neque
441 2988 537 3036 tamen
558 2980 669 3037 aberrat
690 2978 766 3056 (quae
786 2979 910 3037 maxima
923 2990 956 3041 ὓ

123 3086 167 3134 ast
186 3076 371 3157 delectatio);
392 3075 436 3135 vel
455 3076 534 3153 quod
555 3076 675 3155 singulis
695 3076 789 3135 verbis
808 3090 854 3134 res
871 3092 909 3135 ec
