2109 3417
117 281 174 341 158
433 289 477 337 uu
498 290 662 338 omronu
861 289 945 353 [uu.

159 440 247 509 nuxit,
268 437 316 512 qui
338 437 417 495 solue
436 438 541 498 effecit.
591 437 723 513 Namque
740 457 809 518 ego,
829 440 945 513 Catule,

160 534 268 610 (dicem
288 535 375 607 enim,
396 553 454 593 non
475 553 608 592 reverens
626 537 791 593 assentandi
807 537 946 614 suspicio·

158 634 238 710 nem)
253 631 396 688 neminem
411 649 473 689 esse
493 642 636 689 oratorem
656 633 741 708 poulo
762 632 946 692 illustriorem

160 729 290 798 arbitror,
311 745 403 801 neque
422 727 562 785 Groecum
577 746 671 802 neque
692 727 837 800 Latinum,
858 747 945 804 quem

127 834 144 882 5
159 834 227 880 aetas
240 835 336 881 nostre
354 823 461 894 tulerit,
475 843 559 899 quern
580 842 638 880 non
653 834 681 881 et
695 843 769 899 saepe
782 835 810 882 et
824 825 946 902 diligen·

158 929 201 976 ter
222 921 369 977 audierim.
381 938 394 951 *¹
409 920 520 995 ltaque,
535 920 559 977 si
577 920 644 994 quid
667 931 709 978 est
730 920 760 977 in
781 939 836 992 me,
853 920 943 997 (quod

156 1017 214 1093 jem
241 1035 354 1092 sperare
379 1016 486 1085 videor,
507 1017 641 1090 quoniam
669 1016 784 1092 quidem
811 1035 871 1087 vos,
899 1018 946 1076 hie

159 1112 282 1189 ingeniis
296 1112 435 1184 homines,
449 1122 560 1170 tantum
577 1131 671 1188 operte
691 1113 761 1170 mihi
777 1113 811 1172 ad
827 1114 945 1172 audien·

158 1209 226 1265 dum
242 1209 329 1288 datie)
350 1227 384 1266 er
404 1228 440 1265 eo
461 1219 513 1280 est,
535 1209 611 1283 quod
632 1208 702 1266 nihil
723 1209 871 1285 quisquam
893 1229 944 1268 un·

112 1310 144 1368 '10
157 1323 241 1379 quern
268 1323 314 1361 me
342 1305 477 1362 audiente
507 1305 569 1380 egit
593 1315 698 1376 orator,
725 1305 800 1380 quod
825 1324 885 1364 non
912 1306 942 1364 in

158 1401 294 1458 memoria
315 1402 378 1458 meri
398 1401 513 1476 penitus
533 1400 678 1459 insederit.
719 1403 816 1477 Atque
836 1420 891 1478 ego
907 1401 941 1474 is,

157 1499 205 1572 qui
226 1517 299 1568 eum,
321 1510 566 1572 quantuscumque
590 1516 655 1554 euru
683 1498 718 1555 ed
742 1497 941 1573 judicandum,

157 1594 291 1652 omnibus
306 1594 410 1652 auditis
423 1594 595 1664 oratoribus,
610 1594 672 1651 sine
686 1595 744 1653 utto
763 1595 942 1654 dubitatione

157 1691 200 1749 eie
225 1702 329 1753 statuo
347 1702 376 1748 et
399 1691 508 1767 judico,
529 1691 673 1748 neminem
701 1691 828 1748 omniurn
850 1703 892 1749 tot
912 1702 942 1750 et

113 1801 143 1850 15
156 1799 244 1860 tante,
271 1799 377 1864 quante
403 1798 470 1844 sunt
496 1789 525 1844 iu
552 1787 668 1858 Crasso,
695 1788 829 1846 habuisse
859 1807 944 1848 orne·

156 1896 253 1942 menta
265 1883 389 1941 dicendi.
429 1883 637 1955 Quamobrem,
652 1884 676 1942 ei
690 1902 740 1941 vos
753 1903 865 1961 quoque
885 1885 943 1946 hoo

156 1980 232 2037 idem
259 1980 436 2051 existimetis,
463 1998 522 2036 non
549 1979 604 2038 erit
632 1978 677 2056 (ut
703 1980 817 2060 opinor)
844 1981 943 2058 inique

155 2075 280 2150 pertitio,
295 2076 330 2147 si,
345 2095 411 2133 oum
425 2094 481 2152 ego
494 2077 572 2133 hune
592 2086 743 2148 oratorem,
757 2097 840 2153 quem
862 2098 943 2140 nune

155 2171 242 2248 fingo,
268 2181 301 2228 ut
333 2171 454 2243 institui,
482 2173 590 2244 credre,
619 2172 725 2244 eluere,
753 2175 941 2248 confirmdr03

109 2281 141 2332 oo
155 2268 265 2326 trudam
291 2286 357 2326 eum
381 2269 495 2341 Crasso,
520 2279 550 2327 et
573 2269 762 2342 vestiendum,
786 2281 815 2330 et
838 2291 942 2332 ornan·

154 2365 231 2423 dum.

193 2461 271 2519 Tum
286 2462 417 2533 Croesus,
431 2460 479 2521 Tu
497 2481 574 2530 vero,
590 2461 691 2538 inquit,
706 2462 828 2535 Antoni,
841 2482 940 2543 perge.

153 2568 186 2615 ut
199 2558 354 2616 instituisti.
395 2558 500 2634 Neque
519 2559 595 2616 enim
616 2569 660 2616 eet
679 2559 746 2618 boni
763 2579 857 2636 neque
871 2561 942 2619 libe»

153 2655 221 2713 reiis
238 2655 375 2732 parentis,
389 2673 474 2730 quem
493 2656 650 2731 proeredrit
669 2666 699 2714 et
717 2657 857 2729 eduxerit,
872 2676 940 2717 eum

107 2767 139 2817 25
153 2771 209 2810 non
223 2762 252 2809 et
264 2751 367 2810 restire
380 2762 409 2809 et
423 2770 541 2822 ornare;
562 2752 718 2828 presertim
739 2764 850 2811 eunte
860 2754 941 2812 ionu-

152 2848 256 2925 pietem
282 2867 345 2906 esse
371 2865 477 2925 negare
503 2867 560 2906 uon
586 2848 687 2924 poesie.
741 2848 832 2911 Quod
858 2849 938 2908 enim

151 2954 361 3015 momentum,
375 2961 438 3020 que
458 2943 510 3017 rie,
523 2944 573 3018 qui
592 2943 794 3020 animaeque
812 2945 939 3022 dignitus

151 3039 195 3100 iili
214 3039 320 3100 oratori
338 3041 441 3114 defuit,
459 3040 508 3119 qui
528 3040 559 3099 in
579 3041 667 3105 oduei
689 3041 849 3120 perorandi
874 3059 937 3114 non

1051 399 1053 510 i
