2109 3417
452 312 496 367 ΒΕ
517 312 681 366 ORATORE.
866 310 907 371 [L
918 310 967 359 nt

177 462 221 520 sic
242 462 347 524 suimus
366 477 478 540 semper
498 464 665 541 comparati,
685 474 717 523 ut
736 462 886 521 hominum
906 480 965 521 ser·

178 558 311 617 monibus
330 561 411 635 quasi
432 560 462 620 in
483 560 596 636 aliquod
617 558 809 619 contentionis
818 558 962 635 judicium

178 674 362 715 vocaremurt
388 657 457 732 quid
484 668 542 717 tum
570 656 717 727 dissimile,
737 675 821 731 quum
848 674 904 732 ego
931 654 963 715 in

177 750 301 811 dicendo
321 762 350 811 et
369 740 534 811 Antoniusl
556 772 621 811 cum
643 753 689 813 ille
710 752 739 809 is
754 751 790 809 sit
810 764 915 822 orator,
929 760 963 809 ut

145 846 248 905 5nilril
275 865 310 905 eo
335 849 425 925 possit
451 867 514 906 esse
540 848 735 927 prestantium
769 866 823 925 ego
854 857 962 920 autem,

176 962 336 1019 quanquam
350 954 456 1003 memet
470 945 526 1003 mei
545 944 672 1021 poenitet,
687 964 753 1002 cum
767 943 823 1002 hoc
836 942 962 1003 maxime

176 1048 271 1097 tumen
286 1038 315 1096 in
330 1041 542 1115 compuratione
557 1039 722 1117 conjungar.

215 1135 376 1206 Videtisne,
394 1156 485 1212 genus
502 1136 557 1195 hoo
573 1138 649 1211 quod
663 1137 699 1193 sit
715 1136 855 1195 Antoniil
876 1136 961 1211 sorte,

176 1229 338 1301 vehemens,
363 1241 537 1289 commotum
563 1231 591 1289 in
617 1232 738 1307 agendo,
759 1232 962 1309 premunitum

130 1336 160 1385 1⁰
175 1336 205 1383 et
223 1344 259 1383 er
279 1327 357 1383 omni
377 1339 457 1402 purte
477 1347 571 1385 causae
591 1339 712 1404 septum,
734 1346 810 1399 uere,
831 1340 961 1402 scutum,

175 1421 366 1491 enucleatum,
387 1422 417 1479 in
443 1422 615 1496 uniquique
642 1440 672 1477 re
699 1440 889 1493 commorans,
910 1422 962 1479 ho-

175 1528 256 1575 neste
276 1518 391 1588 cedens,
413 1518 516 1575 aeriter
537 1518 699 1591 insequens,
720 1527 839 1590 terrens,
854 1518 962 1594 suppli-

175 1633 254 1686 cuns,
268 1615 379 1671 summi
393 1614 531 1673 orationis
545 1614 690 1685 varietate,
704 1613 783 1671 nulld
796 1626 961 1673 nostrerum

175 1711 285 1769 surium
312 1711 450 1769 satietate.
503 1709 568 1767 Nos
596 1720 700 1780 eutem,
728 1710 901 1785 quicumque
928 1711 961 1769 in

130 1807 298 1865 mulcendo
318 1826 425 1877 sumus,
438 1805 572 1882 quoniam
594 1824 657 1865 esse
678 1804 773 1880 aliquo
792 1805 820 1863 iu
839 1825 962 1866 numero

173 1904 254 1961 robis
276 1902 414 1973 videmur,
439 1912 517 1959 certe
544 1913 639 1980 tqmen
668 1902 703 1959 nb
727 1902 810 1978 hujus
835 1901 961 1961 multum

173 2016 278 2076 genere
298 1998 452 2069 distemus3
474 1998 550 2074 quod
571 1998 654 2073 quale
671 1998 717 2070 sit,
731 2018 789 2055 non
803 2010 846 2057 est
859 2017 959 2057 meum
1040 2024 1041 2027 ¹

172 2094 279 2164 dicere,
307 2103 458 2168 propterea
490 2093 565 2168 quod
599 2093 715 2151 minime
748 2093 803 2153 sibi
835 2094 961 2169 quisque

172 2199 257 2247 notus
280 2198 333 2259 est,
353 2198 383 2247 et
406 2189 574 2247 difficillime
597 2190 633 2247 de
656 2208 687 2247 sc
710 2189 828 2266 quisque
851 2190 957 2249 sentit:

126 2298 158 2347 ut
171 2285 222 2342 sed
249 2295 344 2342 tumen
370 2284 573 2343 dissimilitudo
586 2285 716 2363 intelligi
740 2296 843 2361 potest,
868 2296 960 2345 etex

171 2381 267 2438 motds
287 2381 343 2438 mei
364 2382 572 2453 mediocritate,
587 2393 615 2439 et
634 2400 669 2439 ex
691 2400 736 2453 oo,
750 2382 835 2456 quod,
849 2382 960 2456 quibus

172 2477 300 2553 uestigiis
318 2478 441 2553 primum
462 2478 561 2549 institi,
577 2478 606 2535 in
621 2478 655 2535 iis
669 2478 728 2537 sere
748 2478 827 2536 soleo
841 2498 959 2554 perora·

171 2592 213 2644 re,
227 2582 256 2631 et
269 2574 345 2649 quod
369 2574 514 2649 eliquanto
533 2592 579 2631 me
599 2574 686 2650 major
707 2573 736 2631 in
756 2573 849 2632 verbis
869 2594 961 2650 quum

171 2670 202 2729 in
228 2670 377 2729 sententiis
402 2669 543 2747 eligendis
569 2670 648 2731 labor
675 2679 704 2727 et
729 2688 798 2728 curs
830 2680 956 2747 torquet,

124 2776 157 2827 25
171 2776 325 2839 verentem,
344 2786 392 2839 ne,
412 2767 437 2825 si
456 2763 542 2843 prulo
562 2766 717 2828 obsoletior
743 2766 828 2828 fuerit
850 2768 958 2843 orstio,

169 2881 229 2922 nou
249 2862 337 2940 dignu
355 2863 566 2939 exspectatione
580 2872 610 2921 et
622 2862 736 2923 silentio
756 2862 843 2921 fuisse
859 2863 959 2925 videu-

169 2968 225 3019 tur.
863 2978 866 2985 ’

209 3052 298 3120 Quod
317 3052 342 3111 si
361 3052 392 3113 in
411 3054 505 3129 nobis
524 3054 575 3133 qui
595 3055 738 3141 ederimus,
758 3063 844 3121 toute
871 3054 957 3119 dissi-
