2109 3417
120 320 149 372 ln
158 319 201 381 lt]
402 320 446 370 DE
466 320 631 367 oudone.

413 469 431 495 “
439 466 532 527 Quem,
543 471 614 515 etcte
625 467 722 528 exsctd,
733 466 844 531 indigem

151 544 268 604 Liberdm
285 544 408 607 lccerdsti,
429 546 528 608 orbdsti,
550 546 698 605 exstinxsti;
722 562 801 609 neque
824 546 905 595 fratris

244 626 322 687 necis,
750 628 753 631 ’
847 673 849 677 ,

152 706 238 769 Neque
264 706 334 770 gnati
360 706 415 769 ejus
441 706 520 769 psrvi,
546 706 588 769 qui
613 706 657 755 tibi
683 706 710 755 in
737 707 841 755 tutelam
866 713 905 757 est

244 786 349 834 traditus
357 785 372 805 '¹
391 821 397 834 .
415 821 421 833 .
439 820 469 833 ..

120 950 192 1009 flens
212 969 247 1007 cc
266 950 369 1026 lugens
388 950 485 1007 dicere
504 950 661 1009 videbatur.
714 950 792 1013 Quas
812 950 836 1009 si
856 951 905 1011 ille

120 1046 232 1117 histrio,
263 1046 392 1121 quotidie
425 1065 492 1108 cum
526 1056 632 1123 ageret,
665 1050 761 1105 tamen
796 1045 934 1128 [recte]5

121 1160 207 1219 egere
232 1142 295 1199 sice
321 1142 419 1201 dolore
445 1162 502 1200 non
527 1152 654 1218 poterat;
686 1143 774 1217 quid?
814 1143 905 1201 Pacu·

120 1239 197 1302 vium
223 1238 339 1313 putetis,
363 1239 394 1295 in
417 1238 578 1311 scribendo,
603 1239 661 1297 leni
686 1238 781 1319 mimo
805 1259 839 1299 ac
862 1258 906 1297 re-

119 1334 208 1393 misso
228 1334 335 1392 suisset
375 1334 453 1391 Fieri
473 1335 553 1393 nullo
573 1334 657 1393 modo
679 1335 779 1411 potuit.
821 1336 904 1411 Saepe

119 1430 199 1487 enim
220 1430 325 1498 audivi,
345 1434 460 1505 poetam
481 1425 588 1487 bonum
609 1431 753 1487 neminem
768 1430 811 1507 (id
827 1432 904 1506 quod

122 1526 320 1585 eDemocrito
333 1526 539 1583 etJPlstonein
556 1526 669 1601 scriptis
689 1526 821 1583 relictum
841 1546 903 1585 esse
918 1540 949 1588 10

120 1623 235 1702 dicunt)
257 1623 319 1680 sine
346 1621 570 1679 inflammatione
597 1621 757 1685 animorum
783 1622 903 1681 existere

119 1738 215 1797 posse,
227 1729 257 1778 et
269 1719 333 1777 sine
345 1718 468 1794 quodam
482 1718 577 1775 efflatu
591 1718 671 1795 quasi
686 1718 797 1777 furoris.
815 1786 817 1790 Ι

159 1910 283 1971 XLVII.
313 1902 414 1973 Quere
440 1911 530 1969 nolite
556 1906 719 1969 existimare
751 1912 901 1987 meipsum,

64 2080 67 2086 1
119 2008 169 2085 qui
188 2026 248 2067 non
267 2010 385 2067 heroum
406 2018 516 2065 veteres
540 2000 623 2066 casus
646 2008 785 2083 fictosque
808 2009 902 2067 luctus

120 2105 222 2163 veliem
242 2105 347 2163 imitari
368 2116 453 2179 atque
473 2105 641 2161 adumbrare
661 2104 795 2175 dicendo,
809 2123 902 2179 neque
917 2111 948 2161 15

66 2235 85 2246 κ
121 2211 202 2259 actor
225 2220 317 2259 essem
342 2202 441 2259 slienae
464 2219 602 2276 persone,
624 2200 674 2257 sed
699 2211 797 2258 auctor
822 2220 902 2274 meae,

121 2316 188 2355 cum
214 2298 285 2354 mihi
312 2297 352 2355 Μ’
378 2297 512 2371 Aquilius
539 2297 569 2353 in
596 2296 710 2355 civitate
737 2298 903 2355 retinendus

121 2401 206 2461 esset,
220 2410 282 2465 quae
297 2392 326 2449 in
343 2392 392 2449 int
412 2394 500 2449 causi
520 2391 679 2466 perorandis
700 2392 826 2463 fecerim,
841 2392 903 2451 sine

121 2504 227 2562 magno
247 2486 345 2543 dolore
366 2487 476 2545 fecisse.
516 2485 615 2548 Quem
636 2486 712 2543 enim
733 2505 788 2563 ego
802 2506 904 2545 consu·

120 2582 180 2640 lem
213 2581 310 2653 foisse,
344 2582 543 2657 imperatorem
578 2594 708 2641 ornatum
743 2602 760 2640 a
792 2594 901 2655 senatu,
916 2592 947 2641 2⁰

121 2677 253 2736 ovantem
268 2678 298 2735 in
314 2678 488 2753 Capitolium
510 2679 673 2737 ascendisse
694 2680 901 2752 meminissem3

121 2774 200 2833 hunc
220 2793 287 2833 cum
308 2775 454 2845 efflictum,
475 2774 663 2847 debilitatum,
682 2788 858 2848 moerentem,
872 2778 903 2835 in

120 2889 264 2929 summum
297 2870 452 2929 discrimen
485 2871 640 2929 adductum
676 2872 810 2944 viderem,
844 2890 903 2931 non

120 2968 200 3044 prius
219 2986 283 3026 sum
304 2978 425 3026 conatus
443 2967 668 3029 misericordiam
689 2968 752 3027 diis
778 2986 904 3027 commo·

120 3082 198 3138 vste,
210 3083 297 3142 quam
315 3064 514 3125 misericordie
531 3064 669 3141 cumipse
683 3074 791 3141 ceptus.
832 3064 903 3128 Sec·
915 3067 948 3118 25
