2109 3417
104 331 197 392 nnn]
384 335 428 382 aa
448 335 612 382 carrona.
876 325 933 386 lou

105 480 310 556 conjunctione
341 501 456 554 eorum3
489 483 550 541 dixi
583 483 619 540 de
651 499 771 540 numero
803 490 888 557 atque

12 624 13 651 3
106 576 206 635 formai.
259 579 328 650 Sed,
355 579 380 636 si
407 580 535 638 habitum
568 579 705 638 orationis
736 579 832 650 etiarn,
859 588 888 638 et

106 673 186 745 quasi
210 674 336 730 colorem
361 675 493 750 aliquem,
516 675 667 750 requiritis,
689 685 732 732 est
754 684 784 732 et
803 674 889 750 plena

12 816 13 825 ,
106 769 245 841 quadam,
266 771 315 828 sed
335 781 430 828 tamen
450 782 540 842 teres;
569 781 597 827 et
623 771 727 842 tennis,
748 788 806 832 non
826 769 888 826 sine

105 865 199 921 nervis
213 884 247 922 ao
260 866 382 937 uiribus3
403 878 432 924 et
445 887 489 939 ea,
504 887 566 942 quae
585 867 728 942 particeps
740 865 916 940 utriusque5

103 961 218 1036 generis
249 963 373 1040 quddam
405 963 606 1021 mediocritate
637 963 776 1021 laudatur.
833 960 888 1018 His

102 1057 194 1114 tribua
220 1057 319 1135 figuris
344 1058 470 1117 insidere
496 1059 612 1134 quidam
641 1058 805 1130 venustatis,
828 1075 888 1114 non

102 1152 170 1210 fueo
189 1154 286 1225 illitus,
307 1155 358 1211 sed
378 1155 518 1231 sanguine
544 1155 674 1226 diffusus,
694 1155 779 1212 debet
799 1153 886 1214 color.

101 1248 181 1306 Tum
195 1249 319 1324 denique
332 1250 416 1307 nobis
429 1250 478 1306 hio
491 1261 585 1308 orator
606 1250 647 1308 ita
666 1250 887 1308 conformandus

101 1354 146 1402 est
159 1354 188 1401 et
201 1345 295 1403 verbis
308 1355 337 1402 et
350 1347 509 1416 sententiis,
524 1355 565 1416 ut,
580 1345 819 1419 quemadmodum
839 1347 887 1421 qui
900 1361 931 1410 lu

101 1449 221 1496 utuntur
236 1441 322 1498 armis
336 1451 385 1498 aut
396 1441 537 1517 pelastrd,
552 1457 611 1498 non
627 1440 718 1498 solum
730 1441 786 1496 sibi
799 1441 888 1498 vitan·

102 1536 132 1593 di
154 1545 203 1592 aut
222 1536 344 1594 feriendi
363 1537 505 1598 rationem
524 1555 587 1594 esse
603 1535 763 1594 habendam
776 1543 886 1609 putant,

102 1632 153 1690 sed
163 1632 300 1704 etiam,ut
308 1651 374 1690 cunr
382 1643 531 1691 venustate
541 1640 722 1701 moveantur3
742 1630 887 1688 sioverbis

101 1727 218 1804 quidem
238 1728 275 1786 ad
295 1739 388 1804 aptam
408 1729 646 1804 compositionem
667 1737 695 1786 et
714 1726 886 1797 decentiam,

101 1824 252 1881 sententiis
262 1842 330 1881 vero
341 1825 376 1882 ad
391 1825 559 1901 gravitatem
570 1823 715 1895 orationis,
725 1832 830 1895 utatur,
842 1820 887 1899 [ut
899 1831 931 1882 15

101 1919 133 1991 ii,
147 1919 196 1994 qui
211 1919 241 1976 in
255 1938 395 1977 armorum
410 1919 580 1976 tractatione
593 1919 763 1998 versuumn]

140 2015 311 2074 Formantur
331 2026 425 2073 autem
439 2025 469 2072 et
481 2016 577 2088 verba,
592 2026 621 2073 et
637 2015 785 2072 sententiae
804 2031 886 2091 paene

101 2111 333 2184 innumerabiles,
358 2112 436 2187 quod
462 2112 531 2169 satis
555 2112 616 2169 scio
636 2122 735 2170 notum
757 2129 819 2170 esse
839 2129 886 2168 ro-

100 2208 163 2264 bis:
196 2209 247 2266 sed
280 2208 354 2266 inter
387 2208 640 2266 conformationem
674 2209 824 2266 verborum
847 2217 886 2283 ,et

100 2304 306 2362 sententiarum
327 2304 383 2361 hoo
403 2305 531 2375 interest,
546 2304 622 2377 quod
643 2304 792 2364 verborum
812 2303 929 2360 tolli-ao

100 2408 156 2468 tur,
177 2399 201 2456 si
221 2402 308 2459 verba
331 2401 466 2471 mutarim
500 2400 706 2458 sententiarum
728 2409 895 2476 permanet,-

37 2564 40 2568 Α
100 2494 327 2571 quibuscumque
353 2498 447 2555 verbis
472 2497 515 2554 uti
536 2497 613 2554 velis.
654 2495 743 2558 Quod
768 2495 884 2571 quidem

99 2609 152 2647 vos
164 2592 217 2648 etsi
231 2592 335 2664 facitis,
349 2603 445 2650 tamen
465 2593 659 2651 admonendos
672 2603 750 2668 puto,
764 2591 883 2666 nequid

99 2705 164 2743 esse
177 2687 253 2744 aliud
267 2688 388 2746 oratoria
406 2690 522 2764 putetis,
538 2688 611 2764 quod
627 2688 742 2763 quidem
756 2688 792 2746 ait
805 2707 884 2764 egre-

99 2783 179 2860 gium
201 2792 285 2858 atque
303 2785 443 2856 mirabile,
456 2784 512 2841 nisi
533 2785 563 2842 in
583 2784 815 2860 singulisverbis
835 2784 927 2842 illaec

98 2880 274 2951 aristeneto,
288 2891 320 2938 ut
332 2881 475 2939 uanalatis
489 2891 602 2938 utamur
616 2881 787 2956 frequenter,
798 2880 883 2938 inter·

100 2977 225 3053 dumque
237 2977 329 3050 sactis,
344 2977 408 3036 raro
421 2988 516 3036 autem
531 2976 617 3036 etiarn
630 2976 806 3053 pervetustis
846 2973 882 3034 In

99 3073 236 3151 perpetuat
256 3085 350 3134 autem
370 3074 510 3147 oratione,
531 3091 599 3134 cum
618 3083 649 3133 et
668 3070 882 3152 conjunctionis
