2109 3417
123 265 179 328 172
439 280 484 328 uu
504 274 669 328 onsronu.
866 281 951 342 [uu.

164 423 374 502 Neoptolemus
386 427 461 504 apud
479 427 617 500 Ennium,
638 433 656 462 ‘¹
666 427 782 504 peueis:
803 445 870 486 nam
890 445 951 488 orn·

164 522 235 580 nino
259 523 336 580 haud
358 524 479 599 plaeet.”
529 524 591 582 Sed
614 535 709 582 temen
733 523 795 582 hme
817 534 862 582 est
885 543 949 584 msa

164 620 316 690 sententis,
337 639 422 695 quern
449 620 564 678 videbar
591 620 763 696 exposuisse.
805 619 869 696 Ego
895 620 950 680 istu

164 713 260 771 studia
273 733 330 774 uon
341 715 478 790 improbo,
489 715 636 788 moderate
650 715 734 772 medo
747 715 820 772 sint:
840 715 950 791 opinio·

132 821 231 870 tuem
252 811 369 868 istorum
390 811 560 882 studiorum,
574 820 603 869 et
616 810 808 886 suspicionem
823 811 947 883 artificii,

165 907 241 982 opud
260 907 379 981 eosqui
399 925 445 964 res
468 907 610 983 judicent,
630 906 736 966 oratori
758 907 947 966 adversarium

165 1020 228 1058 esse
243 1003 379 1060 arbitror:
401 1003 544 1061 imminuit
557 1003 633 1060 enim
647 1013 677 1061 et
690 1003 810 1065 oratoris
825 1003 947 1062 auetori-

116 1171 120 1180 .
165 1110 262 1170 tatem,
276 1110 306 1157 et
319 1099 455 1158 erationis
468 1099 563 1158 fidem.

203 1289 378 1350 xxxvrn.
409 1291 478 1363 Sed,
498 1301 585 1350 uteo
607 1305 765 1365 remeetur,
786 1293 862 1352 unde
889 1294 946 1352 hue

120 1395 151 1444 lt)
166 1386 329 1460 declinavit,
342 1388 444 1459 erutie,
458 1407 495 1446 ex
513 1387 604 1446 tribus
624 1388 686 1446 istis
705 1390 869 1448 elatissimis
886 1389 947 1466 phi·

165 1484 301 1559 losephis,
321 1503 403 1560 quos.
416 1483 541 1540 Romam
568 1485 679 1542 venisse
704 1485 809 1557 dixisti,
830 1485 947 1552 videsne

165 1579 326 1657 Diogenem
346 1580 442 1652 fuisse,
462 1580 511 1655 q'ui
535 1580 653 1652 dieeret,
675 1594 763 1640 artem
785 1599 816 1638 se
835 1582 947 1640 trudere

164 1677 239 1736 bene
265 1677 433 1748 disserendi,
452 1687 482 1736 et
508 1695 576 1734 veru
602 1696 636 1737 ee
663 1677 734 1735 salso
759 1676 945 1753 dijudienudi,

165 1793 250 1849 quam
270 1774 357 1831 uerbo
376 1775 480 1830 Gruteo
500 1773 683 1844 Διαλεκτικήν
700 1773 871 1848 appelleretl
910 1772 947 1831 Iu

119 1877 150 1926 15
165 1869 221 1926 hee
241 1879 301 1926 erte
321 1867 359 1944 (si
379 1868 464 1925 modo
483 1876 526 1925 est
547 1867 608 1924 hree
626 1868 686 1946 urs)
699 1867 809 1924 nullum
823 1877 865 1924 est
877 1882 948 1942 pne-

166 1974 368 2039 ceptumque
388 1964 474 2021 mede
498 1981 597 2020 verum
620 1962 790 2040 iureuiptur,
814 1961 863 2020 sed
885 1973 948 2020 tou*

165 2069 226 2116 tum
249 2069 302 2128 est,
321 2077 378 2133 quo
404 2058 489 2116 medo
512 2057 665 2134 judieetur.
705 2057 782 2116 Nem
802 2067 831 2114 et
850 2075 946 2130 omne,

166 2154 242 2227 quod
261 2153 421 2228 eloquimur
441 2153 493 2224 sie,
509 2163 541 2210 ut
554 2152 582 2209 id
598 2163 646 2210 eut
665 2171 727 2210 esse
747 2152 877 2210 dieamus
898 2163 947 2211 uut

165 2267 223 2306 non
244 2267 316 2321 esse,
330 2249 396 2306 etsi
410 2249 576 2324 simplieiter
596 2248 705 2306 dietum
726 2249 771 2320 sit,
785 2249 947 2324 suscipiunt

118 2351 150 2400 20
165 2345 321 2416 dialectiei,
341 2356 374 2403 ut
390 2345 531 2421 judieent,
551 2363 688 2402 verumne
707 2344 753 2414 sit,
769 2364 805 2402 en
826 2345 946 2404 falsum:

165 2453 194 2499 et
207 2441 232 2499 si
245 2442 399 2519 eonjunete
418 2442 456 2500 sit
474 2442 591 2513 elutum,
605 2452 635 2499 et
651 2441 785 2517 adjuneta
804 2441 861 2499 sint
881 2441 947 2513 ulie,

163 2539 301 2615 judicent,
322 2550 440 2595 reetene
459 2537 595 2614 udjuuetu
614 2537 686 2596 sint:
707 2547 736 2595 et
748 2555 855 2595 verene
873 2555 949 2595 sum·

164 2655 213 2693 mu
231 2635 268 2692 sit
288 2633 512 2710 uniuseujusque
534 2633 667 2692 rationis:
688 2643 717 2690 et
737 2633 772 2690 ud
789 2645 948 2692 extremum

166 2732 218 2808 ipsi
238 2751 269 2788 se
289 2739 486 2807 eompungunt
505 2730 565 2787 suis
586 2729 775 2800 acuminibus,
796 2742 835 2804 et,
858 2731 949 2789 multe

117 2835 150 2885 25
165 2828 327 2904 quaereudo,
341 2827 486 2903 reperiunt
504 2844 564 2882 non
585 2827 670 2883 medo
689 2845 724 2884 ee
743 2845 804 2900 qum
815 2827 874 2904 jem
887 2845 949 2884 non

164 2923 274 3002 possint
297 2922 350 2998 ipsi
377 2921 542 2993 dissolvere,
563 2922 613 2978 sed
639 2921 725 2979 etiem
751 2922 853 2996 quibus
880 2933 949 2980 ante

72 3049 97 3095 y
164 3035 276 3091 exorsu,
290 3028 319 3076 et
328 3017 424 3096 petius
436 3018 551 3076 detexta
562 3034 660 3094 prope,
674 3026 843 3075 retexuntur.
884 3015 951 3078 Hie
