2109 3417
113 282 171 345 lot
430 296 474 345 on
495 294 658 343 oniroae.
846 292 949 355 [nnn

158 461 241 522 pene
258 443 392 522 preterii,
405 444 508 507 Latine
526 443 673 520 loquendi,
685 441 828 520 planeque
842 441 950 501 dicen-

160 541 206 600 di:
240 540 356 616 reliquae
392 550 458 599 eunt
494 559 615 617 magnae,
649 539 811 615 implicatae,
843 538 948 611 variae,

159 656 269 715 graues,
292 637 395 714 quibus
416 637 508 696 omnis
532 636 681 694 admiratio
704 635 823 713 ingenii,
847 633 949 693 omnic

159 733 221 792 laus
239 732 419 809 eloquentiae,
439 733 611 792 continetur.
664 732 760 791 Nemo
785 732 863 789 eninr
890 724 950 789 un·

128 833 244 905 equam
267 840 315 887 eet
343 839 495 902 oratorem,
521 829 599 904 quod
631 828 734 887 Latine
766 828 948 903 loqueretur,

160 924 324 984 admiratus.
373 925 407 983 Si
426 935 470 983 eet
489 924 580 997 diter,
601 924 735 994 irrident;
761 941 855 999 neque
874 942 948 981 eum

159 1030 299 1081 oratorem
314 1021 519 1092 tantummodo,
531 1020 581 1079 sed
595 1020 748 1091 hominem,
759 1038 817 1078 non
829 1029 947 1095 putant.

160 1115 256 1176 Nemo
275 1116 375 1175 extulit
393 1135 459 1176 euni
479 1116 582 1187 verbis,
606 1115 655 1191 qui
685 1115 733 1174 ita*
747 1116 875 1189 dixisset,
899 1127 947 1188 nt,

160 1212 209 1289 qni
244 1212 384 1285 adement,
413 1212 605 1289 intelligerent
637 1211 705 1287 quid
739 1212 857 1283 diceret,
891 1212 947 1270 ced

115 1310 147 1362 1⁰
161 1308 315 1369 contemsit
326 1328 403 1381 eum,
417 1309 467 1384 qui
480 1309 575 1367 minue
589 1309 617 1367 id
632 1308 727 1367 iacere
739 1309 887 1384 potuisset.

198 1404 235 1463 ln
258 1424 315 1480 quo
339 1403 425 1482 igitur
451 1404 582 1463 homines
608 1404 832 1462 exhorrescunt?
857 1424 946 1481 quem

161 1500 312 1577 stupefacti
338 1501 482 1559 dicentem
510 1500 677 1558 intuentur?
710 1499 740 1557 in
767 1518 824 1575 quo
849 1501 948 1560 excla-

160 1599 260 1656 mant?
280 1615 365 1672 quent
384 1596 489 1668 Deunn
502 1606 535 1653 ut
549 1596 589 1656 ite
602 1596 707 1668 dicam,
722 1596 795 1654 inter
813 1598 947 1657 homines

160 1695 281 1771 putanti
319 1693 381 1756 Qui
401 1693 546 1765 distincte,
559 1693 608 1769 qui
627 1692 777 1768 explicate,
791 1693 840 1769 qui
857 1694 948 1751 abun·

116 1789 148 1840 15
162 1789 272 1862 denter,
283 1789 334 1865 qui
354 1788 512 1847 illuminate
532 1799 561 1847 et
580 1790 665 1847 rebue
678 1799 707 1846 et
720 1789 813 1846 verbis
833 1789 946 1862 dicunt,

161 1895 192 1944 et
217 1885 247 1943 iu
274 1885 336 1960 iperi
359 1885 489 1943 oratione
514 1884 596 1959 quasi
622 1885 764 1960 quendum
793 1904 947 1945 numerum

161 1999 330 2055 cereumque
344 1981 518 2039 conficiunt:
539 1980 634 2051 idest,
649 1980 726 2056 quod
743 1981 820 2054 dico,
834 1992 945 2041 ornate.

161 2075 225 2144 Qui
239 2077 314 2135 idern
328 2077 368 2135 ita
383 2077 577 2148 moderantur,
591 2086 623 2135 ut
643 2094 747 2148 rerum,
762 2087 794 2134 ut
812 2096 947 2153 persona·

162 2190 225 2229 rurn
251 2172 405 2249 dignitates
432 2172 535 2242 ferunt,
563 2172 584 2229 ii
614 2182 680 2229 runt
707 2172 735 2229 in
770 2191 806 2231 eo
834 2191 946 2250 genere

114 2266 148 2318 m
162 2266 297 2325 laudandi
316 2267 419 2338 laudis,
439 2267 517 2343 quod
542 2285 598 2345 ego
618 2278 714 2344 aptum
732 2277 763 2327 et
783 2286 946 2346 congruens

160 2362 286 2423 nornino.

200 2457 263 2521 Qui
277 2459 318 2520 ita
330 2460 469 2533 dicerent,
482 2479 534 2519 eoe
553 2460 668 2538 negavit
688 2460 782 2519 adhuc
795 2460 945 2519 sevidisse

162 2555 318 2628 Antonine,
350 2567 380 2615 et
405 2557 441 2615 iio
463 2558 521 2616 hoc
552 2574 655 2617 nornen
679 2556 750 2615 dixit
776 2557 945 2632 eloquentie

162 2651 231 2710 solie
250 2669 314 2711 eece
333 2653 525 2712 tribuendum.
565 2652 667 2715 Quare
686 2672 786 2711 ornnes
805 2654 884 2725 istos,
899 2672 944 2713 rne

114 2753 148 2807 ὕ
163 2762 290 2817 auctore,
310 2749 438 2808 deridete
464 2760 550 2825 atque
570 2748 755 2821 contemnite,
776 2749 824 2825 qui
844 2768 875 2807 ee
895 2749 944 2807 ho·

161 2862 235 2917 rum,
255 2845 304 2921 qui
327 2864 406 2906 nunc
431 2845 472 2905 ita
498 2844 684 2922 appellantur,
705 2844 849 2903 rhetorum
875 2864 944 2923 pre-

162 2940 255 3018 ceptis
279 2959 394 3001 omnem
419 2953 564 3001 oratorum
595 2940 653 3001 vim
685 2939 849 3017 complexos
881 2960 943 3001 esec

164 3038 346 3113 arbitrantur,
359 3054 451 3115 moe
470 3038 575 3110 adhuc,
590 3056 676 3115 quam
695 3054 845 3117 personent
865 3047 944 3098 teue-
