<?xml version="1.0" encoding="UTF-8"?>
<!DOCTYPE html PUBLIC "-//W3C//DTD XHTML 1.0 Transitional//EN"
    "http://www.w3.org/TR/xhtml1/DTD/xhtml1-transitional.dtd">
<html xmlns="http://www.w3.org/1999/xhtml" xml:lang="en" lang="en">
 <head>
  <title>
</title>
<meta http-equiv="Content-Type" content="text/html;charset=utf-8" />
  <meta name='ocr-system' content='tesseract 3.04.00' />
  <meta name='ocr-capabilities' content='ocr_page ocr_carea ocr_par ocr_line ocrx_word'/>
</head>
<body>
  <div class='ocr_page' id='page_1' title='image "./mtciceronisadqu00dillgoog_0353.png"; bbox 0 0 2109 3417; ppageno 0'>
   <div class='ocr_carea' id='block_1_1' title="bbox 129 330 958 401">
    <p class='ocr_par' dir='ltr' id='par_1_1' title="bbox 129 330 958 401">
     <span class='ocr_line' id='line_1_1' title="bbox 129 330 958 401; baseline 0.002 -14"><span class='ocrx_word' id='word_1_1' title='bbox 129 340 225 401; x_wconf 66' lang='lat' dir='ltr'>amn</span> <span class='ocrx_word' id='word_1_2' title='bbox 411 342 454 389; x_wconf 83' lang='lat' dir='ltr'>nu</span> <span class='ocrx_word' id='word_1_3' title='bbox 475 342 637 389; x_wconf 78' lang='lat' dir='ltr'>ousuouu.</span> <span class='ocrx_word' id='word_1_4' title='bbox 902 330 958 391; x_wconf 73' lang='lat'>123</span> 
     </span>
    </p>
   </div>
   <div class='ocr_carea' id='block_1_2' title="bbox 129 487 1051 2679">
    <p class='ocr_par' dir='ltr' id='par_1_2' title="bbox 129 487 1051 2679">
     <span class='ocr_line' id='line_1_2' title="bbox 129 487 911 567; baseline -0.004 -19"><span class='ocrx_word' id='word_1_5' title='bbox 129 498 199 562; x_wconf 83' lang='lat' dir='ltr'>tate,</span> <span class='ocrx_word' id='word_1_6' title='bbox 213 500 243 547; x_wconf 89' lang='lat' dir='ltr'>et</span> <span class='ocrx_word' id='word_1_7' title='bbox 255 491 351 566; x_wconf 86' lang='lat' dir='ltr'>specie</span> <span class='ocrx_word' id='word_1_8' title='bbox 362 491 607 567; x_wconf 70' lang='lat' dir='ltr'>primdacerrime</span> <span class='ocrx_word' id='word_1_9' title='bbox 621 499 811 562; x_wconf 82' lang='lat' dir='ltr'>commorunt,</span> <span class='ocrx_word' id='word_1_10' title='bbox 826 489 862 547; x_wconf 83' lang='lat' dir='ltr'>ab</span> <span class='ocrx_word' id='word_1_11' title='bbox 875 487 911 546; x_wconf 84' lang='lat' dir='ltr'>iis</span> 
     </span>
     <span class='ocr_line' id='line_1_3' title="bbox 131 586 911 662; baseline 0 -20"><span class='ocrx_word' id='word_1_12' title='bbox 131 586 280 644; x_wconf 85' lang='lat' dir='ltr'>celerrime</span> <span class='ocrx_word' id='word_1_13' title='bbox 300 588 413 645; x_wconf 86' lang='lat' dir='ltr'>fastidio</span> <span class='ocrx_word' id='word_1_14' title='bbox 432 588 554 662; x_wconf 84' lang='lat' dir='ltr'>quodam</span> <span class='ocrx_word' id='word_1_15' title='bbox 575 599 603 645; x_wconf 94' lang='lat' dir='ltr'>et</span> <span class='ocrx_word' id='word_1_16' title='bbox 623 587 752 645; x_wconf 83' lang='lat' dir='ltr'>satietate</span> <span class='ocrx_word' id='word_1_17' title='bbox 772 587 911 643; x_wconf 85' lang='lat' dir='ltr'>abaliene-</span> 
     </span>
     <span class='ocr_line' id='line_1_4' title="bbox 130 683 910 759; baseline -0.003 -19"><span class='ocrx_word' id='word_1_18' title='bbox 130 701 203 740; x_wconf 86' lang='lat' dir='ltr'>mur.</span> <span class='ocrx_word' id='word_1_19' title='bbox 255 684 376 746; x_wconf 79' lang='lat' dir='ltr'>Quanto</span> <span class='ocrx_word' id='word_1_20' title='bbox 396 683 524 741; x_wconf 88' lang='lat' dir='ltr'>colomm</span> <span class='ocrx_word' id='word_1_21' title='bbox 542 683 754 759; x_wconf 79' lang='lat' dir='ltr'>pulchritudine</span> <span class='ocrx_word' id='word_1_22' title='bbox 774 693 803 740; x_wconf 87' lang='lat' dir='ltr'>et</span> <span class='ocrx_word' id='word_1_23' title='bbox 822 683 910 739; x_wconf 85' lang='lat' dir='ltr'>varie·</span> 
     </span>
     <span class='ocr_line' id='line_1_5' title="bbox 130 778 909 855; baseline -0.003 -20"><span class='ocrx_word' id='word_1_24' title='bbox 130 787 190 835; x_wconf 82' lang='lat' dir='ltr'>tate</span> <span class='ocrx_word' id='word_1_25' title='bbox 213 778 357 836; x_wconf 88' lang='lat' dir='ltr'>floridiora</span> <span class='ocrx_word' id='word_1_26' title='bbox 379 789 445 837; x_wconf 86' lang='lat' dir='ltr'>sunt</span> <span class='ocrx_word' id='word_1_27' title='bbox 467 779 497 837; x_wconf 92' lang='lat' dir='ltr'>in</span> <span class='ocrx_word' id='word_1_28' title='bbox 520 780 639 855; x_wconf 90' lang='lat' dir='ltr'>picturis</span> <span class='ocrx_word' id='word_1_29' title='bbox 662 780 743 837; x_wconf 85' lang='lat' dir='ltr'>noris</span> <span class='ocrx_word' id='word_1_30' title='bbox 765 779 909 854; x_wconf 79' lang='lat' dir='ltr'><strong>pleraque,</strong></span> 
     </span>
     <span class='ocr_line' id='line_1_6' title="bbox 130 873 943 950; baseline 0 -19"><span class='ocrx_word' id='word_1_31' title='bbox 130 892 215 950; x_wconf 85' lang='lat' dir='ltr'>quam</span> <span class='ocrx_word' id='word_1_32' title='bbox 236 875 266 931; x_wconf 89' lang='lat' dir='ltr'>in</span> <span class='ocrx_word' id='word_1_33' title='bbox 285 875 443 932; x_wconf 82' lang='lat' dir='ltr'>veteribus!</span> <span class='ocrx_word' id='word_1_34' title='bbox 471 893 533 949; x_wconf 79' lang='lat' dir='ltr'>quas</span> <span class='ocrx_word' id='word_1_35' title='bbox 560 890 664 946; x_wconf 84' lang='lat' dir='ltr'>tamen,</span> <span class='ocrx_word' id='word_1_36' title='bbox 685 874 795 932; x_wconf 84' lang='lat' dir='ltr'>etiamsi</span> <span class='ocrx_word' id='word_1_37' title='bbox 821 873 943 949; x_wconf 72' lang='lat' dir='ltr'>primos</span> 
     </span>
     <span class='ocr_line' id='line_1_7' title="bbox 132 971 910 1047; baseline -0.004 -19"><span class='ocrx_word' id='word_1_38' title='bbox 132 981 249 1046; x_wconf 83' lang='lat' dir='ltr'>aspectu</span> <span class='ocrx_word' id='word_1_39' title='bbox 275 990 328 1028; x_wconf 88' lang='lat' dir='ltr'>nos</span> <span class='ocrx_word' id='word_1_40' title='bbox 354 982 500 1047; x_wconf 85' lang='lat' dir='ltr'>ceperunt,</span> <span class='ocrx_word' id='word_1_41' title='bbox 527 971 634 1029; x_wconf 88' lang='lat' dir='ltr'>diutius</span> <span class='ocrx_word' id='word_1_42' title='bbox 667 990 725 1029; x_wconf 93' lang='lat' dir='ltr'>non</span> <span class='ocrx_word' id='word_1_43' title='bbox 752 971 910 1039; x_wconf 81' lang='lat' dir='ltr'>delectant3</span> 
     </span>
     <span class='ocr_line' id='line_1_8' title="bbox 132 1066 913 1142; baseline -0.003 -17"><span class='ocrx_word' id='word_1_44' title='bbox 132 1086 199 1125; x_wconf 91' lang='lat' dir='ltr'>cum</span> <span class='ocrx_word' id='word_1_45' title='bbox 226 1068 313 1125; x_wconf 92' lang='lat' dir='ltr'>iidem</span> <span class='ocrx_word' id='word_1_46' title='bbox 340 1086 402 1139; x_wconf 87' lang='lat' dir='ltr'>nos,</span> <span class='ocrx_word' id='word_1_47' title='bbox 429 1068 459 1124; x_wconf 93' lang='lat' dir='ltr'>in</span> <span class='ocrx_word' id='word_1_48' title='bbox 487 1068 609 1142; x_wconf 84' lang='lat' dir='ltr'><strong>antiquis</strong></span> <span class='ocrx_word' id='word_1_49' title='bbox 635 1068 748 1139; x_wconf 88' lang='lat' dir='ltr'>tabulis,</span> <span class='ocrx_word' id='word_1_50' title='bbox 776 1067 826 1124; x_wconf 94' lang='lat' dir='ltr'>illo</span> <span class='ocrx_word' id='word_1_51' title='bbox 852 1066 913 1141; x_wconf 86' lang='lat' dir='ltr'>ipso</span> 
     </span>
     <span class='ocr_line' id='line_1_9' title="bbox 131 1161 913 1238; baseline -0.003 -18"><span class='ocrx_word' id='word_1_52' title='bbox 131 1163 247 1221; x_wconf 88' lang='lat' dir='ltr'>horrido</span> <span class='ocrx_word' id='word_1_53' title='bbox 267 1164 450 1238; x_wconf 84' lang='lat' dir='ltr'>obsoletoque</span> <span class='ocrx_word' id='word_1_54' title='bbox 469 1173 626 1221; x_wconf 82' lang='lat' dir='ltr'>teneamur.</span> <span class='ocrx_word' id='word_1_55' title='bbox 665 1164 783 1225; x_wconf 77' lang='lat' dir='ltr'>Quanto</span> <span class='ocrx_word' id='word_1_56' title='bbox 806 1161 913 1220; x_wconf 89' lang='lat' dir='ltr'>mollio-</span> 
     </span>
     <span class='ocr_line' id='line_1_10' title="bbox 132 1258 913 1317; baseline -0.004 0"><span class='ocrx_word' id='word_1_57' title='bbox 132 1278 178 1317; x_wconf 86' lang='lat' dir='ltr'>res</span> <span class='ocrx_word' id='word_1_58' title='bbox 204 1269 271 1316; x_wconf 90' lang='lat' dir='ltr'>sunt</span> <span class='ocrx_word' id='word_1_59' title='bbox 297 1268 326 1316; x_wconf 89' lang='lat' dir='ltr'>et</span> <span class='ocrx_word' id='word_1_60' title='bbox 351 1258 532 1316; x_wconf 73' lang='lat' dir='ltr'>delicatiores</span> <span class='ocrx_word' id='word_1_61' title='bbox 559 1258 588 1315; x_wconf 90' lang='lat' dir='ltr'>iu</span> <span class='ocrx_word' id='word_1_62' title='bbox 616 1269 702 1316; x_wconf 85' lang='lat' dir='ltr'>cautu</span> <span class='ocrx_word' id='word_1_63' title='bbox 729 1259 864 1317; x_wconf 87' lang='lat' dir='ltr'>flexiones</span> <span class='ocrx_word' id='word_1_64' title='bbox 885 1266 913 1314; x_wconf 84' lang='lat' dir='ltr'>et</span> 
     </span>
     <span class='ocr_line' id='line_1_11' title="bbox 133 1355 960 1429; baseline 0.001 -16"><span class='ocrx_word' id='word_1_65' title='bbox 133 1356 211 1413; x_wconf 81' lang='lat' dir='ltr'>salsae</span> <span class='ocrx_word' id='word_1_66' title='bbox 237 1356 355 1426; x_wconf 76' lang='lat' dir='ltr'>voculae,</span> <span class='ocrx_word' id='word_1_67' title='bbox 383 1372 467 1428; x_wconf 87' lang='lat' dir='ltr'>quam</span> <span class='ocrx_word' id='word_1_68' title='bbox 494 1365 580 1411; x_wconf 83' lang='lat' dir='ltr'>certae</span> <span class='ocrx_word' id='word_1_69' title='bbox 607 1364 635 1410; x_wconf 91' lang='lat' dir='ltr'>et</span> <span class='ocrx_word' id='word_1_70' title='bbox 661 1355 781 1411; x_wconf 75' lang='lat' dir='ltr'>several</span> <span class='ocrx_word' id='word_1_71' title='bbox 813 1355 915 1429; x_wconf 90' lang='lat' dir='ltr'>quibus</span> <span class='ocrx_word' id='word_1_72' title='bbox 930 1364 960 1414; x_wconf 92' lang='lat'>10</span> 
     </span>
     <span class='ocr_line' id='line_1_12' title="bbox 132 1449 948 1524; baseline -0.004 -15"><span class='ocrx_word' id='word_1_73' title='bbox 132 1461 229 1509; x_wconf 88' lang='lat' dir='ltr'>tamen</span> <span class='ocrx_word' id='word_1_74' title='bbox 251 1470 311 1508; x_wconf 91' lang='lat' dir='ltr'>non</span> <span class='ocrx_word' id='word_1_75' title='bbox 334 1450 420 1507; x_wconf 93' lang='lat' dir='ltr'>modo</span> <span class='ocrx_word' id='word_1_76' title='bbox 444 1449 558 1522; x_wconf 81' lang='lat' dir='ltr'>austeri,</span> <span class='ocrx_word' id='word_1_77' title='bbox 580 1449 640 1519; x_wconf 88' lang='lat' dir='ltr'>sed,</span> <span class='ocrx_word' id='word_1_78' title='bbox 664 1449 688 1505; x_wconf 88' lang='lat' dir='ltr'>si</span> <span class='ocrx_word' id='word_1_79' title='bbox 710 1450 812 1524; x_wconf 83' lang='lat' dir='ltr'>saepius</span> <span class='ocrx_word' id='word_1_80' title='bbox 833 1450 914 1522; x_wconf 89' lang='lat' dir='ltr'>fiunt,</span> <span class='ocrx_word' id='word_1_81' title='bbox 947 1488 948 1491; x_wconf 17' lang='grc' dir='ltr'>η</span> 
     </span>
     <span class='ocr_line' id='line_1_13' title="bbox 132 1544 914 1622; baseline -0.005 -17"><span class='ocrx_word' id='word_1_82' title='bbox 132 1548 285 1606; x_wconf 88' lang='lat' dir='ltr'>multitudo</span> <span class='ocrx_word' id='word_1_83' title='bbox 304 1547 366 1622; x_wconf 87' lang='lat' dir='ltr'>ipsa</span> <span class='ocrx_word' id='word_1_84' title='bbox 386 1545 530 1604; x_wconf 88' lang='lat' dir='ltr'>reclamat.</span> <span class='ocrx_word' id='word_1_85' title='bbox 584 1544 667 1602; x_wconf 85' lang='lat' dir='ltr'>Licet</span> <span class='ocrx_word' id='word_1_86' title='bbox 693 1544 749 1601; x_wconf 91' lang='lat' dir='ltr'>hoc</span> <span class='ocrx_word' id='word_1_87' title='bbox 769 1544 864 1601; x_wconf 86' lang='lat' dir='ltr'>videre</span> <span class='ocrx_word' id='word_1_88' title='bbox 885 1545 914 1601; x_wconf 88' lang='lat' dir='ltr'>iu</span> 
     </span>
     <span class='ocr_line' id='line_1_14' title="bbox 132 1640 915 1718; baseline -0.005 -17"><span class='ocrx_word' id='word_1_89' title='bbox 132 1643 251 1718; x_wconf 83' lang='lat' dir='ltr'>reliquis</span> <span class='ocrx_word' id='word_1_90' title='bbox 270 1644 416 1712; x_wconf 84' lang='lat' dir='ltr'>sensibus3</span> <span class='ocrx_word' id='word_1_91' title='bbox 437 1642 593 1718; x_wconf 86' lang='lat' dir='ltr'>ungnentis</span> <span class='ocrx_word' id='word_1_92' title='bbox 613 1641 707 1698; x_wconf 90' lang='lat' dir='ltr'>miuus</span> <span class='ocrx_word' id='word_1_93' title='bbox 727 1640 776 1697; x_wconf 91' lang='lat' dir='ltr'>diu</span> <span class='ocrx_word' id='word_1_94' title='bbox 796 1658 849 1697; x_wconf 88' lang='lat' dir='ltr'>nos</span> <span class='ocrx_word' id='word_1_95' title='bbox 868 1640 915 1697; x_wconf 89' lang='lat' dir='ltr'>de·</span> 
     </span>
     <span class='ocr_line' id='line_1_15' title="bbox 133 1736 914 1807; baseline -0.006 -9"><span class='ocrx_word' id='word_1_96' title='bbox 133 1739 235 1798; x_wconf 87' lang='lat' dir='ltr'>lectari</span> <span class='ocrx_word' id='word_1_97' title='bbox 260 1740 371 1797; x_wconf 64' lang='lat' dir='ltr'>summit</span> <span class='ocrx_word' id='word_1_98' title='bbox 397 1748 427 1795; x_wconf 89' lang='lat' dir='ltr'>et</span> <span class='ocrx_word' id='word_1_99' title='bbox 454 1738 592 1796; x_wconf 66' lang='lat' dir='ltr'>acerrima</span> <span class='ocrx_word' id='word_1_100' title='bbox 618 1737 756 1795; x_wconf 84' lang='lat' dir='ltr'>suavitate</span> <span class='ocrx_word' id='word_1_101' title='bbox 783 1736 914 1807; x_wconf 88' lang='lat' dir='ltr'>conditis,</span> 
     </span>
     <span class='ocr_line' id='line_1_16' title="bbox 132 1820 961 1913; baseline -0.001 -21"><span class='ocrx_word' id='word_1_102' title='bbox 132 1820 220 1913; x_wconf 58' lang='lat' dir='ltr'>onam</span> <span class='ocrx_word' id='word_1_103' title='bbox 246 1835 291 1892; x_wconf 89' lang='lat' dir='ltr'>his</span> <span class='ocrx_word' id='word_1_104' title='bbox 315 1834 484 1903; x_wconf 88' lang='lat' dir='ltr'>moderatis;</span> <span class='ocrx_word' id='word_1_105' title='bbox 517 1843 547 1891; x_wconf 85' lang='lat' dir='ltr'>et</span> <span class='ocrx_word' id='word_1_106' title='bbox 573 1834 663 1911; x_wconf 85' lang='lat' dir='ltr'>magis</span> <span class='ocrx_word' id='word_1_107' title='bbox 691 1832 810 1904; x_wconf 87' lang='lat' dir='ltr'>laudari,</span> <span class='ocrx_word' id='word_1_108' title='bbox 838 1834 914 1907; x_wconf 90' lang='lat' dir='ltr'>quod</span> <span class='ocrx_word' id='word_1_109' title='bbox 931 1843 961 1893; x_wconf 86' lang='lat'>15</span> 
     </span>
     <span class='ocr_line' id='line_1_17' title="bbox 133 1930 915 2006; baseline -0.008 -15"><span class='ocrx_word' id='word_1_110' title='bbox 133 1950 241 2004; x_wconf 86' lang='lat' dir='ltr'>ceram,</span> <span class='ocrx_word' id='word_1_111' title='bbox 262 1950 346 2006; x_wconf 86' lang='lat' dir='ltr'>quam</span> <span class='ocrx_word' id='word_1_112' title='bbox 367 1931 442 2006; x_wconf 93' lang='lat' dir='ltr'>quod</span> <span class='ocrx_word' id='word_1_113' title='bbox 463 1947 590 2001; x_wconf 85' lang='lat' dir='ltr'>crocum,</span> <span class='ocrx_word' id='word_1_114' title='bbox 612 1930 689 1987; x_wconf 81' lang='lat' dir='ltr'>olere</span> <span class='ocrx_word' id='word_1_115' title='bbox 713 1930 855 1999; x_wconf 89' lang='lat' dir='ltr'>videatur;</span> <span class='ocrx_word' id='word_1_116' title='bbox 885 1930 915 1986; x_wconf 90' lang='lat' dir='ltr'>in</span> 
     </span>
     <span class='ocr_line' id='line_1_18' title="bbox 133 2024 916 2105; baseline -0.005 -18"><span class='ocrx_word' id='word_1_117' title='bbox 133 2027 196 2105; x_wconf 86' lang='lat' dir='ltr'>ipso</span> <span class='ocrx_word' id='word_1_118' title='bbox 215 2037 294 2085; x_wconf 88' lang='lat' dir='ltr'>tactu</span> <span class='ocrx_word' id='word_1_119' title='bbox 315 2046 377 2084; x_wconf 90' lang='lat' dir='ltr'>esse</span> <span class='ocrx_word' id='word_1_120' title='bbox 396 2026 512 2085; x_wconf 88' lang='lat' dir='ltr'>modum</span> <span class='ocrx_word' id='word_1_121' title='bbox 528 2036 558 2083; x_wconf 89' lang='lat' dir='ltr'>et</span> <span class='ocrx_word' id='word_1_122' title='bbox 571 2026 758 2083; x_wconf 88' lang='lat' dir='ltr'>mollitudinis</span> <span class='ocrx_word' id='word_1_123' title='bbox 771 2034 800 2082; x_wconf 91' lang='lat' dir='ltr'>et</span> <span class='ocrx_word' id='word_1_124' title='bbox 812 2024 916 2083; x_wconf 75' lang='lat' dir='ltr'>levita·</span> 
     </span>
     <span class='ocr_line' id='line_1_19' title="bbox 132 2122 917 2199; baseline -0.005 -16"><span class='ocrx_word' id='word_1_125' title='bbox 132 2125 180 2183; x_wconf 91' lang='lat' dir='ltr'>tis.</span> <span class='ocrx_word' id='word_1_126' title='bbox 233 2123 403 2186; x_wconf 80' lang='lat' dir='ltr'>Quinetiam</span> <span class='ocrx_word' id='word_1_127' title='bbox 436 2132 574 2199; x_wconf 81' lang='lat' dir='ltr'>gustatus,</span> <span class='ocrx_word' id='word_1_128' title='bbox 602 2122 650 2196; x_wconf 93' lang='lat' dir='ltr'>qui</span> <span class='ocrx_word' id='word_1_129' title='bbox 683 2132 726 2178; x_wconf 89' lang='lat' dir='ltr'>est</span> <span class='ocrx_word' id='word_1_130' title='bbox 755 2140 855 2179; x_wconf 82' lang='lat' dir='ltr'>sensus</span> <span class='ocrx_word' id='word_1_131' title='bbox 881 2140 917 2179; x_wconf 83' lang='lat' dir='ltr'>ex</span> 
     </span>
     <span class='ocr_line' id='line_1_20' title="bbox 134 2217 1051 2295; baseline -0.005 -16"><span class='ocrx_word' id='word_1_132' title='bbox 134 2221 268 2279; x_wconf 89' lang='lat' dir='ltr'>omnibus</span> <span class='ocrx_word' id='word_1_133' title='bbox 280 2220 403 2277; x_wconf 82' lang='lat' dir='ltr'>maxime</span> <span class='ocrx_word' id='word_1_134' title='bbox 416 2218 600 2295; x_wconf 84' lang='lat' dir='ltr'>voluptarius,</span> <span class='ocrx_word' id='word_1_135' title='bbox 615 2218 719 2294; x_wconf 89' lang='lat' dir='ltr'>quique</span> <span class='ocrx_word' id='word_1_136' title='bbox 738 2217 917 2275; x_wconf 79' lang='lat' dir='ltr'>dulcitudine</span> <span class='ocrx_word' id='word_1_137' title='bbox 1050 2284 1051 2295; x_wconf 11' lang='grc' dir='ltr'>χ</span> 
     </span>
     <span class='ocr_line' id='line_1_21' title="bbox 134 2301 1051 2394; baseline -0.001 -21"><span class='ocrx_word' id='word_1_138' title='bbox 134 2327 236 2394; x_wconf 71' lang='lat' dir='ltr'>praeter</span> <span class='ocrx_word' id='word_1_139' title='bbox 258 2326 369 2373; x_wconf 87' lang='lat' dir='ltr'>ceteros</span> <span class='ocrx_word' id='word_1_140' title='bbox 395 2335 495 2372; x_wconf 88' lang='lat' dir='ltr'>sensus</span> <span class='ocrx_word' id='word_1_141' title='bbox 522 2325 725 2386; x_wconf 87' lang='lat' dir='ltr'>commovetur,</span> <span class='ocrx_word' id='word_1_142' title='bbox 747 2333 831 2388; x_wconf 88' lang='lat' dir='ltr'>quam</span> <span class='ocrx_word' id='word_1_143' title='bbox 858 2314 963 2372; x_wconf 71' lang='lat' dir='ltr'>citello</span> <span class='ocrx_word' id='word_1_144' title='bbox 1041 2301 1051 2337; x_wconf 53' lang='lat'>&#39;¹</span> 
     </span>
     <span class='ocr_line' id='line_1_22' title="bbox 135 2400 915 2487; baseline -0.004 -16"><span class='ocrx_word' id='word_1_145' title='bbox 135 2412 174 2483; x_wconf 89' lang='lat' dir='ltr'>id,</span> <span class='ocrx_word' id='word_1_146' title='bbox 189 2412 264 2487; x_wconf 86' lang='lat' dir='ltr'>quod</span> <span class='ocrx_word' id='word_1_147' title='bbox 279 2412 360 2469; x_wconf 88' lang='lat' dir='ltr'>valde</span> <span class='ocrx_word' id='word_1_148' title='bbox 380 2412 464 2469; x_wconf 89' lang='lat' dir='ltr'>dulce</span> <span class='ocrx_word' id='word_1_149' title='bbox 484 2423 537 2483; x_wconf 87' lang='lat' dir='ltr'>est,</span> <span class='ocrx_word' id='word_1_150' title='bbox 553 2421 716 2487; x_wconf 86' lang='lat' dir='ltr'>aspernatur</span> <span class='ocrx_word' id='word_1_151' title='bbox 738 2400 771 2467; x_wconf 83' lang='lat' dir='ltr'>ac</span> <span class='ocrx_word' id='word_1_152' title='bbox 792 2410 915 2486; x_wconf 88' lang='lat' dir='ltr'>respuit!</span> 
     </span>
     <span class='ocr_line' id='line_1_23' title="bbox 132 2507 916 2583; baseline -0.006 -13"><span class='ocrx_word' id='word_1_153' title='bbox 132 2508 212 2570; x_wconf 75' lang='lat' dir='ltr'>Quis</span> <span class='ocrx_word' id='word_1_154' title='bbox 230 2508 347 2583; x_wconf 85' lang='lat' dir='ltr'>potione</span> <span class='ocrx_word' id='word_1_155' title='bbox 368 2508 409 2565; x_wconf 86' lang='lat' dir='ltr'>uti</span> <span class='ocrx_word' id='word_1_156' title='bbox 430 2518 478 2565; x_wconf 88' lang='lat' dir='ltr'>aut</span> <span class='ocrx_word' id='word_1_157' title='bbox 498 2508 565 2566; x_wconf 91' lang='lat' dir='ltr'>cibo</span> <span class='ocrx_word' id='word_1_158' title='bbox 584 2508 662 2564; x_wconf 90' lang='lat' dir='ltr'>dulci</span> <span class='ocrx_word' id='word_1_159' title='bbox 682 2507 789 2563; x_wconf 89' lang='lat' dir='ltr'>diutius</span> <span class='ocrx_word' id='word_1_160' title='bbox 806 2510 916 2583; x_wconf 83' lang='lat' dir='ltr'>potestl</span> 
     </span>
     <span class='ocr_line' id='line_1_24' title="bbox 134 2603 954 2679; baseline -0.002 -16"><span class='ocrx_word' id='word_1_161' title='bbox 134 2622 202 2663; x_wconf 91' lang='lat' dir='ltr'>oum</span> <span class='ocrx_word' id='word_1_162' title='bbox 222 2613 343 2677; x_wconf 87' lang='lat' dir='ltr'>utroque</span> <span class='ocrx_word' id='word_1_163' title='bbox 363 2603 393 2659; x_wconf 94' lang='lat' dir='ltr'>in</span> <span class='ocrx_word' id='word_1_164' title='bbox 413 2621 518 2679; x_wconf 84' lang='lat' dir='ltr'>genere</span> <span class='ocrx_word' id='word_1_165' title='bbox 539 2622 582 2675; x_wconf 86' lang='lat' dir='ltr'>ea,</span> <span class='ocrx_word' id='word_1_166' title='bbox 601 2623 663 2677; x_wconf 75' lang='lat' dir='ltr'>quse</span> <span class='ocrx_word' id='word_1_167' title='bbox 683 2603 781 2660; x_wconf 86' lang='lat' dir='ltr'>leviter</span> <span class='ocrx_word' id='word_1_168' title='bbox 802 2622 916 2661; x_wconf 88' lang='lat' dir='ltr'>sonsum</span> <span class='ocrx_word' id='word_1_169' title='bbox 951 2632 954 2641; x_wconf 62' lang='lat'><strong><em>¹</em></strong></span> 
     </span>
    </p>
   </div>
   <div class='ocr_carea' id='block_1_3' title="bbox 134 2698 978 3167">
    <p class='ocr_par' dir='ltr' id='par_1_3' title="bbox 134 2698 978 3167">
     <span class='ocr_line' id='line_1_25' title="bbox 135 2698 915 2777; baseline -0.003 -18"><span class='ocrx_word' id='word_1_170' title='bbox 135 2701 278 2777; x_wconf 84' lang='lat' dir='ltr'>voluptate</span> <span class='ocrx_word' id='word_1_171' title='bbox 292 2707 433 2769; x_wconf 82' lang='lat' dir='ltr'>moveant,</span> <span class='ocrx_word' id='word_1_172' title='bbox 448 2698 583 2755; x_wconf 83' lang='lat' dir='ltr'>facillime</span> <span class='ocrx_word' id='word_1_173' title='bbox 597 2699 734 2775; x_wconf 83' lang='lat' dir='ltr'>effugiant</span> <span class='ocrx_word' id='word_1_174' title='bbox 748 2700 915 2757; x_wconf 87' lang='lat' dir='ltr'>satietatem.</span> 
     </span>
     <span class='ocr_line' id='line_1_26' title="bbox 135 2794 964 2869; baseline -0.002 -13"><span class='ocrx_word' id='word_1_175' title='bbox 135 2797 197 2869; x_wconf 86' lang='lat' dir='ltr'>Sic,</span> <span class='ocrx_word' id='word_1_176' title='bbox 224 2795 357 2852; x_wconf 90' lang='lat' dir='ltr'>omuibus</span> <span class='ocrx_word' id='word_1_177' title='bbox 389 2794 419 2851; x_wconf 92' lang='lat' dir='ltr'>iu</span> <span class='ocrx_word' id='word_1_178' title='bbox 447 2795 542 2864; x_wconf 86' lang='lat' dir='ltr'>rebus,</span> <span class='ocrx_word' id='word_1_179' title='bbox 569 2795 760 2869; x_wconf 86' lang='lat' dir='ltr'>voluptatibus</span> <span class='ocrx_word' id='word_1_180' title='bbox 787 2796 917 2853; x_wconf 80' lang='lat' dir='ltr'>maximis</span> <span class='ocrx_word' id='word_1_181' title='bbox 933 2805 964 2855; x_wconf 65' lang='lat'>25</span> 
     </span>
     <span class='ocr_line' id='line_1_27' title="bbox 135 2890 917 2965; baseline -0.009 -11"><span class='ocrx_word' id='word_1_182' title='bbox 135 2891 282 2954; x_wconf 79' lang='lat' dir='ltr'>fastidium</span> <span class='ocrx_word' id='word_1_183' title='bbox 314 2890 466 2948; x_wconf 88' lang='lat' dir='ltr'>finitimum</span> <span class='ocrx_word' id='word_1_184' title='bbox 498 2899 557 2960; x_wconf 90' lang='lat' dir='ltr'>est;</span> <span class='ocrx_word' id='word_1_185' title='bbox 592 2909 647 2965; x_wconf 90' lang='lat' dir='ltr'>quo</span> <span class='ocrx_word' id='word_1_186' title='bbox 680 2890 736 2949; x_wconf 84' lang='lat' dir='ltr'>hoc</span> <span class='ocrx_word' id='word_1_187' title='bbox 767 2891 861 2949; x_wconf 90' lang='lat' dir='ltr'>minus</span> <span class='ocrx_word' id='word_1_188' title='bbox 887 2892 917 2948; x_wconf 94' lang='lat' dir='ltr'>in</span> 
     </span>
     <span class='ocr_line' id='line_1_28' title="bbox 134 2985 978 3062; baseline -0.008 -12"><span class='ocrx_word' id='word_1_189' title='bbox 134 2990 266 3050; x_wconf 87' lang='lat' dir='ltr'>oratione</span> <span class='ocrx_word' id='word_1_190' title='bbox 290 2986 440 3058; x_wconf 87' lang='lat' dir='ltr'>miremnr;</span> <span class='ocrx_word' id='word_1_191' title='bbox 475 2985 506 3044; x_wconf 89' lang='lat' dir='ltr'>in</span> <span class='ocrx_word' id='word_1_192' title='bbox 532 2986 597 3061; x_wconf 78' lang='lat' dir='ltr'>qud,</span> <span class='ocrx_word' id='word_1_193' title='bbox 624 2986 667 3044; x_wconf 82' lang='lat' dir='ltr'>vel</span> <span class='ocrx_word' id='word_1_194' title='bbox 695 3006 730 3043; x_wconf 86' lang='lat' dir='ltr'>ax</span> <span class='ocrx_word' id='word_1_195' title='bbox 754 2987 848 3062; x_wconf 70' lang='lat' dir='ltr'>poetis</span> <span class='ocrx_word' id='word_1_196' title='bbox 874 2987 917 3044; x_wconf 81' lang='lat' dir='ltr'>vel</span> <span class='ocrx_word' id='word_1_197' title='bbox 976 3050 978 3055; x_wconf 68' lang='lat'>,</span> 
     </span>
     <span class='ocr_line' id='line_1_29' title="bbox 135 3080 947 3167; baseline -0.01 -19"><span class='ocrx_word' id='word_1_198' title='bbox 135 3085 304 3159; x_wconf 83' lang='lat' dir='ltr'>oratoribus,</span> <span class='ocrx_word' id='word_1_199' title='bbox 323 3102 472 3162; x_wconf 83' lang='lat' dir='ltr'>possumus</span> <span class='ocrx_word' id='word_1_200' title='bbox 494 3082 636 3167; x_wconf 61' lang='lat' dir='ltr'>judicare,</span> <span class='ocrx_word' id='word_1_201' title='bbox 659 3082 842 3153; x_wconf 80' lang='lat' dir='ltr'>concinnam,</span> <span class='ocrx_word' id='word_1_202' title='bbox 863 3081 919 3141; x_wconf 81' lang='lat' dir='ltr'>dis-</span> <span class='ocrx_word' id='word_1_203' title='bbox 942 3080 947 3085; x_wconf 86' lang='grc'><strong>’</strong></span> 
     </span>
    </p>
   </div>
   <div class='ocr_carea' id='block_1_4' title="bbox 0 0 1068 3417">
    <p class='ocr_par' dir='ltr' id='par_1_4' title="bbox 0 0 1068 3417">
     <span class='ocr_line' id='line_1_30' title="bbox 0 0 1068 3417; baseline 0 0"><span class='ocrx_word' id='word_1_204' title='bbox 0 0 1068 3417; x_wconf 95' lang='lat' dir='ltr'> </span> 
     </span>
    </p>
   </div>
  </div>
 </body>
</html>
