2109 3417
116 319 208 383 nm]
398 321 443 371 ne
464 322 627 371 unisone.
908 312 949 373 93

116 452 211 547 posse,
225 480 283 531 riou
296 471 408 547 partitis
421 464 617 547 expressisque
636 469 796 542 sententiis,
810 462 903 549 neque

84 627 95 641 ι
117 586 182 625 esse
201 567 288 626 uilem
308 567 480 625 sententium
498 567 636 624 illustrem
651 568 713 625 sine
727 567 792 624 luce
806 568 905 625 verbu·

117 681 194 721 rum·
231 664 299 734 Sed,
320 664 482 739 priusquam
503 663 552 720 illu
572 680 660 721 eonor
681 662 830 740 attingere,
844 663 904 740 qui·

118 758 174 816 bus
198 760 358 817 orationem
374 759 478 818 'ornsri
506 769 589 835 stque
616 759 769 817 illuminari
795 772 902 836 putem,

117 871 275 930 proponam
303 856 434 927 breviter,
462 854 531 932 quid
560 854 681 913 seutiam
708 854 744 913 de
770 856 933 920 universos

117 967 225 1027 genere
238 951 363 1010 dicendi.

157 1142 225 1201 VII.
255 1142 368 1201 Nature
387 1144 466 1203 nulla
485 1153 539 1215 est,
561 1153 592 1201 ut
612 1143 682 1201 mihi
701 1142 822 1215 ridetur,
841 1162 904 1219 quse

118 1256 178 1299 nen
191 1240 296 1297 hebeat
308 1239 338 1297 in
352 1258 405 1296 suo
419 1258 525 1316 genere
539 1256 584 1297 res
605 1240 763 1315 complures
783 1240 905 1298 dissimi-

118 1336 162 1394 les
181 1335 255 1393 inter
275 1353 315 1407 se,
331 1354 393 1410 quae
406 1346 502 1393 tumen
523 1336 667 1393 consimili
687 1336 770 1393 leude
787 1336 904 1413 dignen-

119 1442 174 1490 tur.
227 1431 303 1489 Nam
324 1443 353 1489 et
374 1432 490 1489 auribus
512 1432 602 1489 multu
627 1432 810 1507 percipimus,
831 1448 950 1508 quae,1u

120 1527 175 1585 etsi
188 1546 241 1585 nos
256 1526 402 1607 [vocibus]
418 1528 573 1597 delectent,
584 1538 679 1585 tumen
694 1527 734 1584 itu
747 1537 813 1585 sunt
827 1528 905 1586 veris

119 1642 205 1699 supe,
219 1634 251 1681 ut
271 1624 310 1695 id,
331 1624 406 1699 quod
425 1623 585 1699 proximum
608 1622 716 1694 audias,
734 1622 905 1699 jucundissi-

119 1736 199 1777 mum
219 1734 282 1778 esse
302 1720 448 1777 videntur:
469 1730 498 1777 et
517 1719 612 1777 oeulis
630 1719 804 1795 colliguntur
824 1728 905 1795 paene
939 1710 941 1715 ’

121 1814 344 1874 innumerabiles
363 1816 532 1891 voluptates,
553 1834 615 1891 quse
640 1832 692 1873 uos
716 1814 757 1872 its
777 1814 904 1890 eupiunt,

120 1921 153 1969 ut
173 1928 262 1969 uuum
282 1930 396 1970 sensum
416 1911 549 1969 dissimili
569 1929 673 1988 genere
693 1911 851 1981 delectent;
876 1920 905 1969 et
919 1916 951 1965 15

120 2008 246 2083 reliquos
265 2026 366 2066 sensus
381 2008 539 2084 vuluptates
557 2008 702 2065 oblectent
722 2006 858 2083 dispares,
873 2016 905 2065 ut

120 2104 158 2162 sit
178 2104 294 2163 difficile
312 2104 452 2182 judicium
479 2104 647 2162 excellentis
669 2102 792 2161 maxime
814 2102 906 2162 sussi-

120 2199 195 2259 tstis.
579 2189 583 2197 ¹
804 2208 808 2219 ‘

161 2295 202 2353 At
227 2296 395 2366 hoe'idem,
422 2296 496 2372 quod
531 2305 574 2354 est
600 2294 630 2353 in
657 2294 766 2353 naturis
798 2314 903 2368 rerum,

121 2392 266 2450 transferri
286 2402 378 2469 potest
396 2392 483 2449 etiem
504 2392 540 2449 ed
561 2402 643 2449 artes.
695 2390 760 2449 Una
779 2392 905 2468 fingendi
918 2402 950 2452 2⁰

121 2496 167 2543 est
187 2506 241 2558 srs,
262 2488 291 2545 in
313 2489 369 2563 qui
388 2498 555 2563 prestantes
577 2488 690 2545 luerunt
709 2486 803 2563 Myro,
823 2488 907 2565 Poly·

122 2582 224 2654 eletus,
244 2582 400 2658 Lysippus3
421 2583 470 2658 qui
490 2600 589 2641 omnes
609 2583 683 2641 inter
703 2602 734 2640 se
754 2582 906 2643 dissimiles

122 2678 253 2748 luerunt3
279 2680 331 2735 sed
358 2679 398 2736 itn
423 2690 529 2751 tsmen,
550 2690 582 2738 ut
608 2680 751 2738 neminem
772 2680 816 2738 sui
836 2681 906 2739 velis

120 2793 185 2833 esse
198 2774 374 2833 dissimilem.
414 2773 479 2832 Una
498 2786 541 2833 est
562 2794 607 2834 urs
627 2776 756 2851 ratioque
776 2776 905 2853 picture,

121 2870 362 2946 dissimillimique
384 2881 480 2928 temen
506 2871 580 2929 inter
603 2890 634 2931 se
658 2872 776 2945 Zeuxis,
800 2872 951 2950 signo-ss
1008 2876 1016 2893 ¹

121 2968 209 3047 pirou,
230 2967 364 3043 Apelles:
383 2986 478 3043 neque
497 2986 597 3025 eorum
617 2968 766 3044 quisquam
785 2979 838 3039 est,
857 2968 906 3027 eui

121 3065 277 3142 quidquem
295 3064 327 3126 iu
351 3074 410 3123 ute
435 3065 488 3122 sui
514 3064 615 3123 deesse
635 3063 771 3124 rideatur.
811 3064 861 3137 Et,
880 3063 905 3123 si
