2109 3417
114 320 209 379 amn
395 320 439 371 nu
459 318 622 385 caenosu-
885 306 941 375 rut

115 466 334 525 transferamus:
354 485 448 543 neque
469 466 514 545 (ut
532 478 597 527 ante
611 465 683 546 dixi)
698 484 810 525 omnem
824 474 897 523 tera·
930 529 932 535 ,

116 581 181 619 mus
201 563 231 619 in
251 563 296 620 bis
316 563 459 621 discendis
481 565 566 622 rebus
592 574 719 636 aetatem
747 562 808 633 sed,
829 580 895 624 cum

117 658 210 715 fontes
224 659 385 731 viderimus,
396 678 467 735 quos
480 660 536 717 nisi
547 660 594 735 qui
609 659 739 717 celeriter
753 656 895 735 cognitu,

115 771 261 827 nunquam
276 734 431 831 cognoscet
441 755 568 829 omnino,
580 766 650 825 tum,
661 754 896 829 quotiescumque

116 867 187 923 opus
214 850 277 920 erit,
305 870 340 907 ex
366 850 401 908 iis
427 860 547 922 tantum,
575 860 710 925 quantum
738 869 783 907 res
808 859 925 926 petet‚5

116 946 287 1004 hauriamus.
327 946 403 1004 Nam
424 966 518 1021 neque
538 958 595 1005 tarn
616 956 659 1003 est
679 947 752 1005 acris
772 946 849 1005 acies
865 946 895 1004 in

114 1042 224 1100 naturis
243 1042 390 1101 bominum
411 1055 440 1101 et
459 1043 592 1120 ingeniis,
606 1053 696 1101 utres
715 1052 808 1101 tantas
821 1041 896 1118 quis·

115 1157 209 1213 quam,
236 1138 293 1195 nisi
325 1149 504 1210 monstratas,
537 1139 624 1214 possit
656 1138 767 1209 videre;
801 1156 895 1213 neque

114 1243 194 1292 tanta
220 1242 315 1291 tamen
342 1234 372 1290 in
398 1234 483 1290 rebus
509 1234 677 1305 obscuritas,
704 1244 736 1291 ut
762 1252 810 1291 eas
835 1252 894 1291 non

114 1328 228 1404 penitus
256 1329 314 1385 acri
340 1328 382 1385 uir
409 1328 524 1405 ingenio
551 1340 659 1399 cernat,
686 1329 710 1387 si
737 1330 822 1387 modo
853 1348 895 1387 as·
909 1343 940 1395 10

71 1407 77 1416 ’
114 1423 233 1499 pexerit.

154 1518 190 1575 In
211 1519 266 1575 hoc
286 1518 373 1595 igitur
393 1528 548 1577 tentatam
570 1519 764 1592 immensoque
782 1538 892 1595 campo,

116 1633 182 1671 oum
202 1613 288 1671 liceat
308 1615 414 1673 oratori
429 1616 525 1691 vagari
544 1616 643 1686 libere,
659 1624 751 1688 atque,
767 1614 894 1673 ubicum-

116 1729 171 1787 que
192 1710 360 1782 constiterit,
381 1712 537 1768 consistere
558 1711 587 1769 in
608 1729 670 1782 ruo,
692 1709 775 1767 facile
796 1728 895 1786 suppe-

115 1806 188 1863 ditat
201 1805 294 1864 omnis
314 1819 463 1882 apparatus
481 1817 651 1882 ornatusque
672 1806 795 1865 dicendi.
836 1806 894 1863 Re·
910 1819 940 1872 15

114 1921 178 1961 rum
192 1903 267 1960 enim
289 1904 372 1978 copia
384 1904 535 1961 verborum
556 1905 667 1979 copiam
687 1903 795 1979 gignit:
817 1913 854 1973 et,
868 1902 894 1961 si

114 2008 158 2057 est
178 1999 311 2057 honestas
331 1999 360 2057 in
381 2000 465 2057 rebus
492 1999 561 2075 ipsis
587 2000 623 2057 de
649 2000 751 2075 quibus
778 1999 893 2073 dicitur,

114 2095 224 2153 exsistit
237 2114 272 2153 ex
285 2095 326 2152 rei
340 2096 443 2154 natural
460 2095 575 2170 quidam
597 2094 726 2171 splendor
740 2096 770 2153 in
783 2096 892 2153 uerbis:

114 2191 151 2255 sit
179 2192 264 2249 modo
291 2192 325 2262 is,
353 2192 401 2266 qui
428 2192 506 2249 dicet
534 2201 581 2249 aut
608 2192 721 2261 scribet,
749 2192 895 2251 institutus

112 2286 267 2345 liberaliter
300 2288 472 2346 educatione
504 2287 690 2363 doctricique
722 2287 832 2363 puerili,
866 2298 939 2353 etm

115 2380 215 2457 flagret
247 2383 350 2455 studio,
377 2393 406 2441 et
432 2402 449 2441 a
480 2383 583 2440 naturai
616 2383 772 2458 adjuvetur,
799 2393 837 2455 et,
864 2383 894 2440 in

116 2476 310 2536 universorum
336 2498 472 2555 generum
497 2478 615 2537 infinitis
641 2478 894 2554 disceptationibus

22 2626 25 2632 ,
115 2572 302 2643 exercitatus3
323 2574 518 2634 ornatissimos
538 2575 690 2650 scriptores
713 2585 894 2650 oratoresque

115 2668 151 2727 ad
175 2670 407 2748 cognoscendum
431 2669 655 2746 imitandumque
678 2670 823 2748 cognorit:
848 2691 893 2731 ne

114 2764 164 2823 ille
183 2764 260 2821 haud
282 2784 361 2837 sane,
382 2766 618 2839 quemadmodum
645 2768 731 2824 verba
753 2774 846 2827 'struat
865 2777 894 2827 et
906 2778 938 2833 ὕ

114 2860 265 2931 illuminet,
281 2879 298 2919 a
310 2861 453 2937 magistris
467 2861 527 2919 istis
542 2862 680 2937 requiret:
702 2862 741 2921 ita
755 2863 848 2935 facile,
863 2863 893 2925 iu

115 2974 210 3035 rerum
230 2955 414 3028 abundantii,
429 2956 465 3014 ad
484 2956 622 3015 orationis
641 2969 816 3030 ornamenta,
830 2958 893 3017 siue

116 3052 199 3125 duce,
210 3052 313 3133 naturt
323 3052 393 3133 ipsd,
403 3053 429 3112 si
439 3054 526 3113 modo
540 3064 585 3127 est
596 3056 762 3128 exercitata,
773 3054 891 3137 labetur.

192 3164 256 3207 voa.
271 3167 302 3208 u.
423 3150 459 3208 lt
