2109 3417
300 637 347 692 Μ.
372 640 534 696 TULLII
565 639 822 696 CICERONIS

422 981 702 1056 ORATORE

377 1191 498 1242 LIBM
523 1192 746 1243 SECUNDUS.

476 1397 650 1409 -n—-u-

211 1563 235 1622 1.
266 1562 381 1622 Mamm
412 1564 496 1622 nobis
527 1565 636 1640 pueris,
660 1565 773 1627 Quinte
806 1566 901 1638 freter,
929 1566 955 1624 si

171 1659 310 1719 memorii
337 1673 427 1732 tenes,
454 1661 552 1737 opinio
579 1661 641 1732 fuit,
669 1661 702 1720 L.
730 1662 865 1719 Crassum
894 1681 953 1720 non

171 1757 236 1832 plus
262 1757 388 1834 attigisse
414 1757 562 1828 doctrinm,
588 1775 671 1831 quarn
698 1767 834 1832 quantum
860 1758 955 1833 primi

172 1853 222 1910 itta
241 1853 356 1931 ,puerili
388 1853 567 1911 institutione
599 1853 755 1928 potuisset;
789 1851 830 1910 M.
859 1863 954 1910 autern

140 1949 333 2006 ttAntonium
359 1949 477 2006 omnino
498 1948 592 2007 omnis
618 1949 785 2006 eruditionis
809 1959 954 2024 expertem

173 2054 258 2118 atque
273 2045 401 2121 ignarum
415 2044 516 2101 fuisse:
538 2054 674 2117 erantque
689 2043 780 2114 multi,
794 2044 852 2118 qni,
867 2063 956 2118 quan-

172 2158 257 2214 quam
284 2159 341 2198 non
366 2139 407 2196 ita
433 2158 495 2196 sese
520 2159 581 2196 rem
609 2140 713 2197 habere
741 2140 954 2212 arbitrarentur,

171 2244 278 2306 tamen,
292 2253 350 2309 quo
370 2233 483 2292 facilius
501 2253 555 2292 nos
575 2235 709 2292 incensos
729 2235 823 2292 studio
837 2235 954 2294 dicendi

173 2330 341 2388 adoctrinri
367 2330 552 2402 deterrerent,
573 2331 694 2390 libenter
721 2331 760 2403 id,
781 2332 857 2406 quod
883 2332 954 2404 dixi,

125 2433 156 2482 10
172 2426 209 2482 de
229 2426 284 2483 illia
303 2427 462 2484 oratoribus
481 2427 685 2502 predicarent3
714 2438 755 2499 ut,
775 2428 799 2486 si
823 2429 955 2488 homines

171 2540 231 2580 nou
256 2521 360 2580 eruditi
386 2542 525 2580 summam
549 2533 645 2580 essent
666 2524 845 2599 prudentiam
870 2536 955 2600 atque

171 2617 370 2676 incredibilem
389 2619 581 2693 eloquentiam
602 2619 761 2691 consecuti,
781 2620 875 2678 inanis
895 2640 956 2678 orn·

171 2714 217 2772 nis
236 2725 332 2772 noster
351 2733 415 2772 ease
434 2715 524 2786 labor,
543 2725 572 2773 et
592 2716 719 2787 stultum,
740 2716 770 2772 in
790 2717 871 2774 nobis
891 2735 955 2774 eru-

172 2809 295 2882 diendis,
317 2811 407 2886 patris
432 2812 531 2883 nostri,
555 2812 654 2888 optimi
682 2831 716 2869 ac
742 2813 955 2888 prudentissimi

126 2912 158 2962 15
173 2906 235 2979 riri,
256 2906 382 2964 studium
402 2907 552 2965 videretur.
606 2907 689 2969 Quos
712 2919 783 2979 turn,
804 2920 835 2966 ut
862 2909 955 2984 pueri,

172 3002 295 3062 refutare
309 3003 473 3062 domesticis
492 3003 620 3075 testibus,
635 3014 724 3080 patre,
739 3014 767 3062 et
781 3004 814 3063 0.
830 3005 957 3063 Aculeo·
