2109 3417
118 280 148 328 s.
160 281 191 343 t]
404 282 450 329 nn
470 280 636 329 oasroaa
918 268 960 329 Β

118 430 196 489 nihil
209 431 247 489 de
262 430 411 489 hominum
431 430 570 503 moribus,
583 430 656 489 nihil
670 430 708 487 de
719 428 833 489 ratione
847 427 913 487 rite

120 526 270 597 didicisse,
285 526 357 584 nihil
372 526 491 585 omnino
504 526 651 603 quesisse,
665 526 737 585 nihil
756 526 831 583 scire
844 544 913 585 con-

120 624 289 681 vincerent:
311 634 341 681 et
355 642 422 681 cum
441 623 569 681 universi
582 623 613 681 in
627 633 657 681 te
671 623 808 699 impetum
829 622 914 681 lecis-

121 729 197 791 sent,
212 730 273 777 tum
293 720 414 797 singule
428 719 545 777 familie
557 719 638 777 litem
651 719 704 777 tibi
721 718 912 777 intenderent.

120 814 249 874 Instaret
275 816 446 889 Academia,
472 835 545 892 qne,
566 816 704 893 quidquid
731 815 861 887 dixisses,
882 815 943 873 ido

121 912 247 988 teipsum
279 930 387 990 negare
421 922 547 989 cogeret.
600 912 695 970 Stoici
720 930 790 971 vero
821 911 913 969 nostri

121 1006 349 1082 disputationum
382 1026 498 1065 suarum
532 1016 618 1083 atque
653 1006 913 1085 interrogationum

121 1102 233 1177 laqueis
253 1113 282 1161 te
302 1102 444 1161 irretitum
465 1113 603 1161 tenerent
657 1103 844 1180 Peripatetici
865 1122 914 1163 an·

121 1209 182 1256 tem
209 1200 296 1257 etiam
327 1201 389 1258 haec
423 1200 494 1276 ipsa,
522 1220 586 1276 qua
617 1200 734 1277 propria
765 1212 912 1259 oratorum

121 1306 238 1371 putares
250 1315 321 1354 ‘esse
342 1296 515 1373 adjumenta,
531 1307 617 1371 atque
632 1307 803 1356 ornamenta
814 1297 912 1357 dicen·
927 1302 958 1353 1⁰

122 1392 163 1463 di,
178 1393 214 1450 ab
228 1412 259 1449 se
272 1392 332 1468 peti
345 1392 494 1453 vincerent
514 1406 663 1469 oportere;
686 1413 720 1451 ac
740 1412 798 1453 non
818 1394 913 1453 solum

122 1488 252 1561 meliora,
281 1489 332 1546 sed
365 1489 452 1547 etiam
485 1490 577 1547 multo
609 1490 691 1566 plura
723 1490 913 1549 Aristotelem

122 1584 413 1661 Theophrastumque
439 1586 476 1643 de
503 1586 549 1643 his
575 1586 671 1658 rebus,
698 1605 785 1661 qnam
810 1605 913 1645 omnes

122 1680 240 1739 dicendi
260 1681 422 1759 magistros,
439 1682 589 1758 scripsisse
608 1682 801 1741 ostenderent.
842 1682 913 1741 Mis·

122 1796 169 1835 sos
189 1778 266 1835 facio
290 1778 519 1849 mathematicos,
539 1778 754 1855 grammaticos,
775 1779 912 1851 musicos,
928 1784 959 1835 te

123 1892 243 1949 quorum
259 1875 366 1933 artibus
379 1885 474 1933 vestra
488 1874 543 1932 ista
556 1874 673 1933 dicendi
686 1875 729 1932 vis
742 1892 780 1931 ne
793 1875 914 1932 minimi

122 1970 238 2045 quidem
259 1972 398 2031 societate
417 1971 605 2048 contingitur.
644 1971 844 2033 Quamobrem
859 1971 914 2030 ista

122 2076 211 2140 tauta,
239 2078 355 2143 tamque
389 2068 480 2126 multa
511 2067 683 2144 profitenda,
710 2068 826 2141 Crasse,
852 2087 912 2128 non

123 2182 239 2221 censeo.
281 2162 359 2222 Satis
373 2164 402 2221 id
416 2175 459 2225 est
479 2184 626 2242 magnum,
643 2166 720 2241 qnod
738 2175 822 2242 potes
841 2184 913 2242 pre·

123 2270 209 2332 staro,
229 2271 262 2318 ut
282 2260 313 2318 in
337 2260 455 2337 judiciis
475 2281 511 2319 ea
530 2280 628 2334 causa,
648 2280 859 2338 quamcumque
880 2275 911 2322 tn
925 2272 958 2323 Β]

123 2356 207 2428 dicis,
221 2356 322 2415 melior
342 2366 372 2414 et
391 2357 567 2434 probabilior
586 2378 651 2417 csse
670 2360 815 2429 videatur3
837 2360 914 2419 utin

124 2453 316 2511 concionibus
342 2464 372 2511 et
398 2454 549 2526 sententiis
575 2456 708 2514 dicendis
736 2456 772 2514 ad
797 2476 914 2532 persua·

125 2550 250 2608 dendum
276 2560 327 2608 tua
353 2550 507 2627 plurimum
531 2552 626 2610 valeat
651 2552 760 2625 oratio;
788 2553 914 2629 deniqne

8 2680 11 2691 ›
125 2652 157 2701 ut
174 2644 364 2720 prudentibus
383 2646 499 2717 diserte,
514 2646 609 2705 stultis
628 2648 715 2705 etiam
730 2666 796 2706 rere
815 2648 914 2707 dicere
958 2695 961 2702 .

124 2740 255 2799 videaris.
296 2740 365 2801 Hoc
389 2742 511 2819 amplius
530 2742 555 2801 si
576 2744 645 2820 quid
664 2745 783 2820 poteris,
803 2763 862 2803 non
883 2744 913 2804 id
925 2752 958 2803 ὕ

124 2837 194 2896 mihi
214 2838 358 2898 videbitur
378 2848 484 2912 orator,
499 2840 551 2897 sed
571 2840 694 2899 Crassus
714 2841 768 2899 suti
788 2842 913 2916 quidam

123 2935 248 3015 proprii,
262 2953 322 2995 non
337 2936 482 2997 communi
495 2946 641 2997 oratomm
661 2937 807 3010 facultate,
820 2954 912 3016 pone
