2109 3417
95 275 136 335 52
417 284 460 331 nn
483 259 647 330 carrona
857 281 926 344 [ur

143 416 280 490 subimus.
319 430 443 495 Quoties
456 432 534 489 enim
548 432 681 503 dicimus,
694 430 782 490 toties
794 431 831 489 de
844 431 928 491 nobis

140 529 303 605 judicatur:
324 539 363 601 et,
378 528 425 604 qui
447 528 536 586 semel
557 529 587 586 in
607 540 689 605 gestu
709 528 850 605 peccarit,
868 548 927 585 non

143 627 282 685 continuo
315 626 492 683 existImatur
530 626 643 682 nescire
679 636 807 702 gestum
845 626 928 702 cujus

144 732 238 779 eutem
259 722 290 778 iu
309 722 434 778 dicendo
456 721 562 795 aliquid
583 721 784 796 reprehensum
805 732 858 793 est,
879 732 929 779 aut

111 828 251 879 baeterna
270 818 300 875 in
320 836 366 890 eo,
388 828 436 875 aut
460 828 539 875 certe
566 818 702 875 diuturna
729 817 802 875 valet
828 818 928 895 opinio

143 914 293 973 tarditatis.

183 1106 328 1165 XXVIII.
356 1106 431 1163 Illud
452 1124 528 1178 varo,
549 1107 626 1182 quod
647 1116 712 1164 ate
738 1106 846 1164 dictum
873 1116 926 1180 est,

145 1222 207 1262 erse
221 1203 371 1279 permulta,
386 1222 448 1278 quse
469 1216 564 1261 orator
584 1203 640 1260 nisi
654 1222 672 1260 a
684 1204 786 1261 naturd
800 1204 927 1274 haberet,

145 1319 203 1357 non
224 1299 344 1356 multum
367 1318 383 1356 a
403 1300 539 1375 magistro
560 1300 750 1376 adjuvaretur,
771 1300 852 1357 valde
875 1300 928 1357 tibi

99 1406 129 1455 1⁰
147 1396 292 1465 assentior,
307 1396 394 1470 inque
408 1414 443 1453 eo
458 1396 500 1451 vel
517 1396 639 1453 maxime
653 1395 770 1470 probavi
785 1414 927 1453 summum

146 1491 225 1549 illum
263 1491 422 1562 doctorem,
460 1490 693 1547 Alabandensem
731 1490 927 1566 Apollonium,

146 1588 205 1663 qui,
233 1606 299 1646 cum
326 1587 460 1646 mercede
487 1586 614 1658 doceret,
638 1597 735 1643 tamen
761 1605 820 1643 non
840 1586 929 1662 patie-

146 1686 239 1756 batur,
261 1703 321 1756 eos,
344 1700 415 1760 quos
439 1684 588 1761 judicabat
614 1702 671 1741 non
696 1702 780 1758 posse
803 1692 928 1741 oratores

146 1783 276 1853 evadere,
290 1798 406 1858 operam
428 1780 501 1857 apud
522 1798 585 1837 sese
607 1780 736 1855 perdere,
757 1777 931 1836 dimittebat·

100 1890 132 1939 15
146 1896 218 1953 que;
245 1887 274 1935 et
295 1877 436 1952 adquam
457 1894 598 1952 quemque
619 1859 712 1933 artem
727 1876 846 1951 putabat
866 1892 930 1933 esse

148 1987 253 2051 aptum,
272 1973 306 2031 ad
328 1992 400 2030 eam
413 1973 558 2047 impellere
580 1982 663 2047 atque
682 1972 789 2029 hortari
811 1971 928 2030 solebat.

89 2048 107 2065 .
148 2070 224 2127 Satis
251 2078 294 2125 est
320 2070 397 2126 euim
430 2068 535 2125 ceteris
568 2068 695 2127 artificiis
727 2068 929 2144 percipiendis,

147 2166 345 2223 tantummodo
366 2164 487 2221 similem
509 2182 573 2220 esse
593 2163 730 2233 hominis3
751 2173 781 2220 et
800 2164 840 2236 id,
855 2165 930 2239 quod

148 2263 283 2332 trudatur,
304 2260 346 2317 vel
369 2260 454 2317 etiam
477 2259 647 2330 inculcetur,
671 2259 696 2315 si
717 2258 781 2334 quis
800 2259 874 2318 forte
893 2260 931 2318 sit

101 2372 132 2421 ω
148 2358 262 2428 tardior,
296 2376 379 2434 posse
411 2356 561 2432 percipere
595 2356 700 2426 animo,
730 2365 759 2413 et
789 2357 930 2414 memoria

148 2454 298 2511 custodire.
341 2452 410 2510 Non
431 2452 567 2527 quaeritur
583 2451 728 2510 mobilitas
741 2450 856 2529 lingue,
870 2471 930 2511 nou

148 2550 278 2609 celeritas
298 2550 459 2620 verborum,
473 2567 532 2604 non
553 2548 678 2622 denique
697 2566 742 2618 ea,
763 2566 826 2621 quae
846 2547 931 2607 nobis

146 2662 205 2704 non
221 2664 372 2721 possumus
392 2646 510 2721 fingere,
526 2644 625 2715 facies,
640 2643 744 2714 vultus,
758 2660 855 2702 sonus.
895 2644 930 2701 In

147 2753 259 2800 oratore
280 2752 375 2800 autem
397 2760 517 2799 acumen
535 2740 765 2811 dialecticorum,
781 2740 930 2798 sententie

100 2856 132 2907 25
146 2839 388 2916 philosophorum,
403 2838 488 2896 verba
508 2857 597 2913 propa
616 2840 777 2912 poetarum,
794 2827 930 2894 memoria

144 2935 422 3014 jurisconsultorum,
437 2954 490 2992 vox
510 2932 711 3010 trngoedorum,
732 2942 829 3009 gestus
847 2949 929 3007 paene

146 3049 324 3096 summorum
350 3042 480 3091 actorum
506 3040 551 3089 est
569 3028 765 3105 requirendus.
818 3027 930 3092 Quam·
