<?xml version="1.0" encoding="UTF-8"?>
<!DOCTYPE html PUBLIC "-//W3C//DTD XHTML 1.0 Transitional//EN"
    "http://www.w3.org/TR/xhtml1/DTD/xhtml1-transitional.dtd">
<html xmlns="http://www.w3.org/1999/xhtml" xml:lang="en" lang="en">
 <head>
  <title>
</title>
<meta http-equiv="Content-Type" content="text/html;charset=utf-8" />
  <meta name='ocr-system' content='tesseract 3.04.00' />
  <meta name='ocr-capabilities' content='ocr_page ocr_carea ocr_par ocr_line ocrx_word'/>
</head>
<body>
  <div class='ocr_page' id='page_1' title='image "./mtciceronisadqu00dillgoog_0277.png"; bbox 0 0 2109 3417; ppageno 0'>
   <div class='ocr_carea' id='block_1_1' title="bbox 105 314 934 409">
    <p class='ocr_par' dir='ltr' id='par_1_1' title="bbox 105 314 934 409">
     <span class='ocr_line' id='line_1_1' title="bbox 105 314 934 409; baseline -0.005 -34"><span class='ocrx_word' id='word_1_1' title='bbox 105 328 133 375; x_wconf 81' lang='lat'><strong>1..</strong></span> <span class='ocrx_word' id='word_1_2' title='bbox 142 329 187 388; x_wconf 78' lang='lat' dir='ltr'><strong>rr]</strong></span> <span class='ocrx_word' id='word_1_3' title='bbox 386 328 430 375; x_wconf 85' lang='lat' dir='ltr'><strong>nn</strong></span> <span class='ocrx_word' id='word_1_4' title='bbox 450 326 614 375; x_wconf 74' lang='lat' dir='ltr'><strong>ortanolus.</strong></span> <span class='ocrx_word' id='word_1_5' title='bbox 739 397 744 409; x_wconf 37' lang='grc' dir='ltr'>Ι</span> <span class='ocrx_word' id='word_1_6' title='bbox 894 314 934 371; x_wconf 83' lang='grc'><strong>47</strong></span> 
     </span>
    </p>
   </div>
   <div class='ocr_carea' id='block_1_2' title="bbox 60 472 978 1511">
    <p class='ocr_par' dir='ltr' id='par_1_2' title="bbox 60 472 978 1511">
     <span class='ocr_line' id='line_1_2' title="bbox 145 472 888 552; baseline -0.005 -19"><span class='ocrx_word' id='word_1_7' title='bbox 145 474 264 534; x_wconf 81' lang='lat' dir='ltr'><strong>Movent</strong></span> <span class='ocrx_word' id='word_1_8' title='bbox 284 475 333 535; x_wconf 89' lang='lat' dir='ltr'><strong>illa</strong></span> <span class='ocrx_word' id='word_1_9' title='bbox 351 476 447 548; x_wconf 84' lang='lat' dir='ltr'><strong>etiam,</strong></span> <span class='ocrx_word' id='word_1_10' title='bbox 465 495 529 552; x_wconf 79' lang='lat' dir='ltr'><strong>quse</strong></span> <span class='ocrx_word' id='word_1_11' title='bbox 549 474 716 551; x_wconf 77' lang='lat' dir='ltr'><strong>oonjeoturt</strong></span> <span class='ocrx_word' id='word_1_12' title='bbox 736 472 888 549; x_wconf 85' lang='lat' dir='ltr'><strong>explanan-</strong></span> 
     </span>
     <span class='ocr_line' id='line_1_3' title="bbox 105 571 887 649; baseline -0.004 -20"><span class='ocrx_word' id='word_1_13' title='bbox 105 581 152 629; x_wconf 93' lang='lat' dir='ltr'><strong>tur</strong></span> <span class='ocrx_word' id='word_1_14' title='bbox 177 573 264 649; x_wconf 83' lang='lat' dir='ltr'><strong>longe</strong></span> <span class='ocrx_word' id='word_1_15' title='bbox 290 573 381 644; x_wconf 88' lang='lat' dir='ltr'><strong>aliter,</strong></span> <span class='ocrx_word' id='word_1_16' title='bbox 402 584 488 649; x_wconf 84' lang='lat' dir='ltr'><strong>atque</strong></span> <span class='ocrx_word' id='word_1_17' title='bbox 512 583 589 644; x_wconf 90' lang='lat' dir='ltr'><strong>sunt,</strong></span> <span class='ocrx_word' id='word_1_18' title='bbox 609 571 659 629; x_wconf 84' lang='lat' dir='ltr'><strong>sed</strong></span> <span class='ocrx_word' id='word_1_19' title='bbox 687 579 781 642; x_wconf 86' lang='lat' dir='ltr'><strong>aeute,</strong></span> <span class='ocrx_word' id='word_1_20' title='bbox 803 579 887 643; x_wconf 84' lang='lat' dir='ltr'><strong>atque</strong></span> 
     </span>
     <span class='ocr_line' id='line_1_4' title="bbox 105 665 886 741; baseline -0.005 -16"><span class='ocrx_word' id='word_1_21' title='bbox 105 668 265 739; x_wconf 86' lang='lat' dir='ltr'><strong>oonoinne;</strong></span> <span class='ocrx_word' id='word_1_22' title='bbox 286 678 328 741; x_wconf 89' lang='lat' dir='ltr'><strong>ut,</strong></span> <span class='ocrx_word' id='word_1_23' title='bbox 342 688 407 727; x_wconf 86' lang='lat' dir='ltr'><strong>oum</strong></span> <span class='ocrx_word' id='word_1_24' title='bbox 428 670 555 728; x_wconf 84' lang='lat' dir='ltr'><strong>Soourus</strong></span> <span class='ocrx_word' id='word_1_25' title='bbox 576 677 724 727; x_wconf 85' lang='lat' dir='ltr'><strong>aoousaret</strong></span> <span class='ocrx_word' id='word_1_26' title='bbox 743 665 886 723; x_wconf 84' lang='lat' dir='ltr'>Rutilium</span> 
     </span>
     <span class='ocr_line' id='line_1_5' title="bbox 106 761 887 842; baseline -0.004 -21"><span class='ocrx_word' id='word_1_27' title='bbox 106 764 238 836; x_wconf 82' lang='lat' dir='ltr'><strong>ambitris,</strong></span> <span class='ocrx_word' id='word_1_28' title='bbox 253 784 321 823; x_wconf 90' lang='lat' dir='ltr'><strong>oum</strong></span> <span class='ocrx_word' id='word_1_29' title='bbox 338 765 515 842; x_wconf 78' lang='lat' dir='ltr'><strong>ipse-consul</strong></span> <span class='ocrx_word' id='word_1_30' title='bbox 527 775 604 823; x_wconf 90' lang='lat' dir='ltr'><strong>esset</strong></span> <span class='ocrx_word' id='word_1_31' title='bbox 618 765 719 837; x_wconf 83' lang='lat' dir='ltr'><strong>laetus,</strong></span> <span class='ocrx_word' id='word_1_32' title='bbox 733 763 781 820; x_wconf 90' lang='lat' dir='ltr'><strong>ille</strong></span> <span class='ocrx_word' id='word_1_33' title='bbox 795 761 887 838; x_wconf 87' lang='lat' dir='ltr'><strong>repul·</strong></span> 
     </span>
     <span class='ocr_line' id='line_1_6' title="bbox 104 850 978 939; baseline -0.003 -21"><span class='ocrx_word' id='word_1_34' title='bbox 104 880 164 918; x_wconf 86' lang='lat' dir='ltr'><strong>sam</strong></span> <span class='ocrx_word' id='word_1_35' title='bbox 179 860 298 933; x_wconf 86' lang='lat' dir='ltr'><strong>tulisset,</strong></span> <span class='ocrx_word' id='word_1_36' title='bbox 311 872 342 919; x_wconf 88' lang='lat' dir='ltr'><strong>et</strong></span> <span class='ocrx_word' id='word_1_37' title='bbox 355 862 385 919; x_wconf 91' lang='lat' dir='ltr'><strong>in</strong></span> <span class='ocrx_word' id='word_1_38' title='bbox 399 863 460 939; x_wconf 85' lang='lat' dir='ltr'><strong>ejus</strong></span> <span class='ocrx_word' id='word_1_39' title='bbox 479 862 584 920; x_wconf 82' lang='lat' dir='ltr'><strong>tabulis</strong></span> <span class='ocrx_word' id='word_1_40' title='bbox 603 860 766 921; x_wconf 76' lang='lat' dir='ltr'><strong>ostenderet</strong></span> <span class='ocrx_word' id='word_1_41' title='bbox 779 859 885 929; x_wconf 82' lang='lat' dir='ltr'><strong>literas,</strong></span> <span class='ocrx_word' id='word_1_42' title='bbox 899 866 917 915; x_wconf 85' lang='lat'><strong>5</strong></span> <span class='ocrx_word' id='word_1_43' title='bbox 972 850 978 869; x_wconf 71' lang='lat'>⁸</span> 
     </span>
     <span class='ocr_line' id='line_1_7' title="bbox 103 956 886 1034; baseline 0 -21"><span class='ocrx_word' id='word_1_44' title='bbox 103 956 142 1014; x_wconf 91' lang='lat' dir='ltr'><strong>A.</strong></span> <span class='ocrx_word' id='word_1_45' title='bbox 156 957 190 1015; x_wconf 81' lang='lat' dir='ltr'><strong>F.</strong></span> <span class='ocrx_word' id='word_1_46' title='bbox 205 957 236 1015; x_wconf 91' lang='lat' dir='ltr'><strong>P.</strong></span> <span class='ocrx_word' id='word_1_47' title='bbox 250 957 289 1015; x_wconf 88' lang='lat' dir='ltr'><strong>R.</strong></span> <span class='ocrx_word' id='word_1_48' title='bbox 315 957 402 1034; x_wconf 88' lang='lat' dir='ltr'><strong>idque</strong></span> <span class='ocrx_word' id='word_1_49' title='bbox 431 959 540 1017; x_wconf 82' lang='lat' dir='ltr'><strong>dieeret</strong></span> <span class='ocrx_word' id='word_1_50' title='bbox 566 976 638 1029; x_wconf 87' lang='lat' dir='ltr'><strong>esse,</strong></span> <span class='ocrx_word' id='word_1_51' title='bbox 665 957 802 1015; x_wconf 87' lang='lat' dir='ltr'><strong>“Aotum</strong></span> <span class='ocrx_word' id='word_1_52' title='bbox 829 956 886 1013; x_wconf 87' lang='lat' dir='ltr'><strong>fide</strong></span> 
     </span>
     <span class='ocr_line' id='line_1_8' title="bbox 104 1053 886 1128; baseline -0.001 -18"><span class='ocrx_word' id='word_1_53' title='bbox 104 1053 136 1111; x_wconf 89' lang='lat' dir='ltr'><strong>P.</strong></span> <span class='ocrx_word' id='word_1_54' title='bbox 148 1053 251 1111; x_wconf 77' lang='lat' dir='ltr'><strong>Rutilii</strong></span> <span class='ocrx_word' id='word_1_55' title='bbox 261 1055 291 1123; x_wconf 84' lang='lat'><strong>;&#39;’</strong></span> <span class='ocrx_word' id='word_1_56' title='bbox 313 1054 442 1112; x_wconf 88' lang='lat' dir='ltr'><strong>Rutilius</strong></span> <span class='ocrx_word' id='word_1_57' title='bbox 455 1064 560 1126; x_wconf 81' lang='lat' dir='ltr'><strong>sutem,</strong></span> <span class='ocrx_word' id='word_1_58' title='bbox 573 1055 679 1111; x_wconf 87' lang='lat' dir='ltr'><strong>“Ante</strong></span> <span class='ocrx_word' id='word_1_59' title='bbox 693 1053 810 1126; x_wconf 81' lang='lat' dir='ltr'><strong>laetum,</strong></span> <span class='ocrx_word' id='word_1_60' title='bbox 820 1061 886 1128; x_wconf 89' lang='lat' dir='ltr'><strong>post</strong></span> 
     </span>
     <span class='ocr_line' id='line_1_9' title="bbox 60 1148 885 1224; baseline 0 -19"><span class='ocrx_word' id='word_1_61' title='bbox 60 1183 63 1186; x_wconf 96' lang='lat'>-</span> <span class='ocrx_word' id='word_1_62' title='bbox 103 1148 223 1206; x_wconf 84' lang='lat' dir='ltr'><strong>relatum</strong></span> <span class='ocrx_word' id='word_1_63' title='bbox 232 1151 265 1220; x_wconf 87' lang='lat'><strong>;·&#39;&#39;</strong></span> <span class='ocrx_word' id='word_1_64' title='bbox 300 1149 334 1207; x_wconf 88' lang='lat' dir='ltr'><strong>C.</strong></span> <span class='ocrx_word' id='word_1_65' title='bbox 361 1150 480 1221; x_wconf 80' lang='lat' dir='ltr'><strong>Canius,</strong></span> <span class='ocrx_word' id='word_1_66' title='bbox 507 1168 595 1224; x_wconf 81' lang='lat' dir='ltr'><strong>eques</strong></span> <span class='ocrx_word' id='word_1_67' title='bbox 627 1148 787 1220; x_wconf 84' lang='lat' dir='ltr'><strong>Romanus,</strong></span> <span class='ocrx_word' id='word_1_68' title='bbox 817 1166 885 1206; x_wconf 87' lang='lat' dir='ltr'><strong>eum</strong></span> 
     </span>
     <span class='ocr_line' id='line_1_10' title="bbox 103 1242 884 1316; baseline -0.003 -14"><span class='ocrx_word' id='word_1_69' title='bbox 103 1243 184 1302; x_wconf 82' lang='lat' dir='ltr'><strong>Ruso</strong></span> <span class='ocrx_word' id='word_1_70' title='bbox 217 1244 337 1315; x_wconf 84' lang='lat' dir='ltr'><strong>adesset,</strong></span> <span class='ocrx_word' id='word_1_71' title='bbox 363 1245 513 1316; x_wconf 77' lang='lat' dir='ltr'><strong>exclamat,</strong></span> <span class='ocrx_word' id='word_1_72' title='bbox 540 1246 673 1301; x_wconf 86' lang='lat' dir='ltr'><strong>neutrum</strong></span> <span class='ocrx_word' id='word_1_73' title='bbox 707 1243 763 1301; x_wconf 88' lang='lat' dir='ltr'><strong>illis</strong></span> <span class='ocrx_word' id='word_1_74' title='bbox 786 1242 884 1301; x_wconf 82' lang='lat' dir='ltr'><strong>literis</strong></span> 
     </span>
     <span class='ocr_line' id='line_1_11' title="bbox 102 1339 953 1416; baseline -0.004 -21"><span class='ocrx_word' id='word_1_75' title='bbox 102 1339 251 1397; x_wconf 78' lang='lat' dir='ltr'><strong>declarari.</strong></span> <span class='ocrx_word' id='word_1_76' title='bbox 313 1339 423 1401; x_wconf 80' lang='lat' dir='ltr'><strong>“Quid</strong></span> <span class='ocrx_word' id='word_1_77' title='bbox 458 1341 571 1416; x_wconf 77' lang='lat' dir='ltr'><strong>ergol’&#39;</strong></span> <span class='ocrx_word' id='word_1_78' title='bbox 612 1339 704 1413; x_wconf 92' lang='lat' dir='ltr'><strong>inquit</strong></span> <span class='ocrx_word' id='word_1_79' title='bbox 740 1340 953 1411; x_wconf 80' lang='lat' dir='ltr'><strong>Soaurus31o.</strong></span> 
     </span>
     <span class='ocr_line' id='line_1_12' title="bbox 102 1434 670 1511; baseline -0.002 -19"><span class='ocrx_word' id='word_1_80' title='bbox 102 1434 262 1493; x_wconf 82' lang='lat' dir='ltr'><strong>“AEmiliua</strong></span> <span class='ocrx_word' id='word_1_81' title='bbox 275 1434 354 1507; x_wconf 80' lang='lat' dir='ltr'><strong>feeit,</strong></span> <span class='ocrx_word' id='word_1_82' title='bbox 367 1435 502 1511; x_wconf 77' lang='lat' dir='ltr'><strong>plectitur</strong></span> <span class='ocrx_word' id='word_1_83' title='bbox 514 1434 670 1493; x_wconf 85' lang='lat' dir='ltr'><strong>Rutilius.&#39;&#39;</strong></span> 
     </span>
    </p>
   </div>
   <div class='ocr_carea' id='block_1_3' title="bbox 95 1625 929 3144">
    <p class='ocr_par' dir='ltr' id='par_1_3' title="bbox 99 1625 929 2280">
     <span class='ocr_line' id='line_1_13' title="bbox 140 1625 883 1703; baseline -0.003 -17"><span class='ocrx_word' id='word_1_84' title='bbox 140 1628 236 1688; x_wconf 83' lang='lat' dir='ltr'><strong>LXX.</strong></span> <span class='ocrx_word' id='word_1_85' title='bbox 266 1628 411 1688; x_wconf 86' lang='lat' dir='ltr'><strong>Ridentur</strong></span> <span class='ocrx_word' id='word_1_86' title='bbox 431 1628 517 1686; x_wconf 85' lang='lat' dir='ltr'><strong>etiam</strong></span> <span class='ocrx_word' id='word_1_87' title='bbox 531 1626 731 1703; x_wconf 81' lang='lat' dir='ltr'><strong>discrepantia.</strong></span> <span class='ocrx_word' id='word_1_88' title='bbox 773 1625 883 1690; x_wconf 81' lang='lat' dir='ltr'><strong>“Quid</strong></span> 
     </span>
     <span class='ocr_line' id='line_1_14' title="bbox 101 1722 884 1796; baseline 0 -15"><span class='ocrx_word' id='word_1_89' title='bbox 101 1724 170 1781; x_wconf 85' lang='lat' dir='ltr'><strong>huie</strong></span> <span class='ocrx_word' id='word_1_90' title='bbox 191 1724 279 1796; x_wconf 88' lang='lat' dir='ltr'><strong>abest,</strong></span> <span class='ocrx_word' id='word_1_91' title='bbox 293 1724 349 1783; x_wconf 90' lang='lat' dir='ltr'><strong>nisi</strong></span> <span class='ocrx_word' id='word_1_92' title='bbox 369 1743 415 1782; x_wconf 88' lang='lat' dir='ltr'><strong>res</strong></span> <span class='ocrx_word' id='word_1_93' title='bbox 428 1734 457 1782; x_wconf 89' lang='lat' dir='ltr'><strong>et</strong></span> <span class='ocrx_word' id='word_1_94' title='bbox 470 1725 600 1781; x_wconf 86' lang='lat' dir='ltr'><strong>virtusl&#39;’</strong></span> <span class='ocrx_word' id='word_1_95' title='bbox 641 1723 723 1781; x_wconf 85' lang='lat' dir='ltr'><strong>Bella</strong></span> <span class='ocrx_word' id='word_1_96' title='bbox 740 1722 826 1781; x_wconf 86' lang='lat' dir='ltr'><strong>etiam</strong></span> <span class='ocrx_word' id='word_1_97' title='bbox 840 1732 884 1781; x_wconf 89' lang='lat' dir='ltr'><strong>est</strong></span> 
     </span>
     <span class='ocr_line' id='line_1_15' title="bbox 102 1820 881 1897; baseline -0.001 -20"><span class='ocrx_word' id='word_1_98' title='bbox 102 1820 248 1877; x_wconf 83' lang='lat' dir='ltr'><strong>familiaris</strong></span> <span class='ocrx_word' id='word_1_99' title='bbox 267 1821 460 1896; x_wconf 85' lang='lat' dir='ltr'><strong>reprehensio,</strong></span> <span class='ocrx_word' id='word_1_100' title='bbox 481 1820 563 1897; x_wconf 85' lang='lat' dir='ltr'><strong>quasi</strong></span> <span class='ocrx_word' id='word_1_101' title='bbox 589 1820 726 1891; x_wconf 83' lang='lat' dir='ltr'><strong>errantis;</strong></span> <span class='ocrx_word' id='word_1_102' title='bbox 764 1829 796 1877; x_wconf 89' lang='lat' dir='ltr'><strong>ut</strong></span> <span class='ocrx_word' id='word_1_103' title='bbox 815 1838 881 1877; x_wconf 87' lang='lat' dir='ltr'><strong>eum</strong></span> 
     </span>
     <span class='ocr_line' id='line_1_16' title="bbox 101 1904 929 1992; baseline 0.002 -21"><span class='ocrx_word' id='word_1_104' title='bbox 101 1904 261 1991; x_wconf 82' lang='lat' dir='ltr'><strong>objurgavit</strong></span> <span class='ocrx_word' id='word_1_105' title='bbox 293 1917 396 1974; x_wconf 84' lang='lat' dir='ltr'><strong>Albius</strong></span> <span class='ocrx_word' id='word_1_106' title='bbox 428 1917 578 1990; x_wconf 79' lang='lat' dir='ltr'><strong>Granium,</strong></span> <span class='ocrx_word' id='word_1_107' title='bbox 608 1917 694 1992; x_wconf 90' lang='lat' dir='ltr'><strong>quod,</strong></span> <span class='ocrx_word' id='word_1_108' title='bbox 722 1934 787 1974; x_wconf 83' lang='lat' dir='ltr'><strong>eum</strong></span> <span class='ocrx_word' id='word_1_109' title='bbox 821 1915 882 1991; x_wconf 88' lang='lat' dir='ltr'><strong>ejus</strong></span> <span class='ocrx_word' id='word_1_110' title='bbox 897 1924 929 1973; x_wconf 89' lang='lat'><strong>15</strong></span> 
     </span>
     <span class='ocr_line' id='line_1_17' title="bbox 100 2012 882 2089; baseline 0.004 -22"><span class='ocrx_word' id='word_1_111' title='bbox 100 2012 206 2068; x_wconf 83' lang='lat' dir='ltr'><strong>tabulis</strong></span> <span class='ocrx_word' id='word_1_112' title='bbox 224 2012 358 2087; x_wconf 85' lang='lat' dir='ltr'><strong>quiddam</strong></span> <span class='ocrx_word' id='word_1_113' title='bbox 373 2013 500 2071; x_wconf 82' lang='lat' dir='ltr'><strong>Albucio</strong></span> <span class='ocrx_word' id='word_1_114' title='bbox 519 2014 667 2089; x_wconf 78' lang='lat' dir='ltr'><strong>probatum</strong></span> <span class='ocrx_word' id='word_1_115' title='bbox 687 2012 839 2083; x_wconf 86' lang='lat' dir='ltr'><strong>videretur,</strong></span> <span class='ocrx_word' id='word_1_116' title='bbox 853 2022 882 2070; x_wconf 91' lang='lat' dir='ltr'><strong>et</strong></span> 
     </span>
     <span class='ocr_line' id='line_1_18' title="bbox 100 2107 883 2186; baseline 0.001 -22"><span class='ocrx_word' id='word_1_117' title='bbox 100 2107 182 2165; x_wconf 74' lang='lat' dir='ltr'><strong>valde</strong></span> <span class='ocrx_word' id='word_1_118' title='bbox 203 2109 330 2167; x_wconf 89' lang='lat' dir='ltr'><strong>absoluto</strong></span> <span class='ocrx_word' id='word_1_119' title='bbox 350 2109 479 2166; x_wconf 74' lang='lat' dir='ltr'><strong>Soserold</strong></span> <span class='ocrx_word' id='word_1_120' title='bbox 499 2109 652 2186; x_wconf 83' lang='lat' dir='ltr'><strong>gauderet;</strong></span> <span class='ocrx_word' id='word_1_121' title='bbox 673 2127 766 2184; x_wconf 87' lang='lat' dir='ltr'><strong>neque</strong></span> <span class='ocrx_word' id='word_1_122' title='bbox 779 2108 883 2166; x_wconf 88' lang='lat' dir='ltr'><strong>intelli·</strong></span> 
     </span>
     <span class='ocr_line' id='line_1_19' title="bbox 99 2203 880 2280; baseline 0.004 -21"><span class='ocrx_word' id='word_1_123' title='bbox 99 2213 188 2279; x_wconf 82' lang='lat' dir='ltr'><strong>geret,</strong></span> <span class='ocrx_word' id='word_1_124' title='bbox 203 2214 304 2261; x_wconf 80' lang='lat' dir='ltr'><strong>eontra</strong></span> <span class='ocrx_word' id='word_1_125' title='bbox 316 2223 383 2261; x_wconf 85' lang='lat' dir='ltr'><strong>suas</strong></span> <span class='ocrx_word' id='word_1_126' title='bbox 395 2204 506 2261; x_wconf 83' lang='lat' dir='ltr'><strong>tabulas</strong></span> <span class='ocrx_word' id='word_1_127' title='bbox 526 2223 589 2261; x_wconf 91' lang='lat' dir='ltr'><strong>esse</strong></span> <span class='ocrx_word' id='word_1_128' title='bbox 606 2204 766 2280; x_wconf 79' lang='lat' dir='ltr'><strong>judicatum</strong></span> <span class='ocrx_word' id='word_1_129' title='bbox 785 2204 803 2240; x_wconf 67' lang='lat'><strong>⁹</strong></span> <span class='ocrx_word' id='word_1_130' title='bbox 824 2203 841 2239; x_wconf 74' lang='lat'><strong>⁴*</strong></span> <span class='ocrx_word' id='word_1_131' title='bbox 862 2204 880 2240; x_wconf 67' lang='lat'><strong>⁹</strong></span> 
     </span>
    </p>

    <p class='ocr_par' dir='ltr' id='par_1_4' title="bbox 95 2296 926 2852">
     <span class='ocr_line' id='line_1_20' title="bbox 139 2296 881 2359; baseline 0.003 -5"><span class='ocrx_word' id='word_1_132' title='bbox 139 2296 218 2355; x_wconf 87' lang='lat' dir='ltr'><strong>Huie</strong></span> <span class='ocrx_word' id='word_1_133' title='bbox 236 2298 337 2356; x_wconf 88' lang='lat' dir='ltr'><strong>similis</strong></span> <span class='ocrx_word' id='word_1_134' title='bbox 356 2309 400 2357; x_wconf 86' lang='lat' dir='ltr'><strong>est</strong></span> <span class='ocrx_word' id='word_1_135' title='bbox 419 2300 505 2357; x_wconf 80' lang='lat' dir='ltr'><strong>etiem</strong></span> <span class='ocrx_word' id='word_1_136' title='bbox 532 2298 687 2358; x_wconf 80' lang='lat' dir='ltr'><strong>admonitio</strong></span> <span class='ocrx_word' id='word_1_137' title='bbox 708 2300 737 2359; x_wconf 91' lang='lat' dir='ltr'><strong>in</strong></span> <span class='ocrx_word' id='word_1_138' title='bbox 758 2300 881 2359; x_wconf 88' lang='lat' dir='ltr'><strong>oonsilio</strong></span> 
     </span>
     <span class='ocr_line' id='line_1_21' title="bbox 99 2390 926 2469; baseline 0.016 -23"><span class='ocrx_word' id='word_1_139' title='bbox 99 2390 195 2447; x_wconf 86' lang='lat' dir='ltr'><strong>dando</strong></span> <span class='ocrx_word' id='word_1_140' title='bbox 221 2391 377 2465; x_wconf 71' lang='lat' dir='ltr'><strong>familiaris,</strong></span> <span class='ocrx_word' id='word_1_141' title='bbox 404 2403 445 2464; x_wconf 90' lang='lat' dir='ltr'><strong>ut,</strong></span> <span class='ocrx_word' id='word_1_142' title='bbox 469 2412 535 2451; x_wconf 77' lang='lat' dir='ltr'><strong>cnm</strong></span> <span class='ocrx_word' id='word_1_143' title='bbox 562 2402 683 2469; x_wconf 80' lang='lat' dir='ltr'><strong>patrono</strong></span> <span class='ocrx_word' id='word_1_144' title='bbox 709 2395 792 2468; x_wconf 86' lang='lat' dir='ltr'><strong>malo,</strong></span> <span class='ocrx_word' id='word_1_145' title='bbox 814 2414 879 2453; x_wconf 86' lang='lat' dir='ltr'><strong>uum</strong></span> <span class='ocrx_word' id='word_1_146' title='bbox 893 2406 926 2459; x_wconf 75' lang='lat'><strong>2⁰</strong></span> 
     </span>
     <span class='ocr_line' id='line_1_22' title="bbox 98 2487 879 2564; baseline 0.009 -22"><span class='ocrx_word' id='word_1_147' title='bbox 98 2503 199 2543; x_wconf 84' lang='lat' dir='ltr'><strong>voeenr</strong></span> <span class='ocrx_word' id='word_1_148' title='bbox 213 2487 243 2543; x_wconf 89' lang='lat' dir='ltr'><strong>in</strong></span> <span class='ocrx_word' id='word_1_149' title='bbox 256 2488 380 2548; x_wconf 86' lang='lat' dir='ltr'><strong>dioendo</strong></span> <span class='ocrx_word' id='word_1_150' title='bbox 401 2489 569 2561; x_wconf 73' lang='lat' dir='ltr'><strong>obsedisset,</strong></span> <span class='ocrx_word' id='word_1_151' title='bbox 588 2489 726 2547; x_wconf 81' lang='lat' dir='ltr'><strong>suadebat</strong></span> <span class='ocrx_word' id='word_1_152' title='bbox 745 2491 879 2564; x_wconf 87' lang='lat' dir='ltr'><strong>Granius,</strong></span> 
     </span>
     <span class='ocr_line' id='line_1_23' title="bbox 99 2582 879 2660; baseline 0.008 -21"><span class='ocrx_word' id='word_1_153' title='bbox 99 2590 132 2639; x_wconf 88' lang='lat' dir='ltr'><strong>ut</strong></span> <span class='ocrx_word' id='word_1_154' title='bbox 150 2582 273 2641; x_wconf 88' lang='lat' dir='ltr'><strong>mulsum</strong></span> <span class='ocrx_word' id='word_1_155' title='bbox 300 2584 433 2660; x_wconf 79' lang='lat' dir='ltr'><strong>frigidum</strong></span> <span class='ocrx_word' id='word_1_156' title='bbox 460 2584 580 2657; x_wconf 89' lang='lat' dir='ltr'><strong>biberet,</strong></span> <span class='ocrx_word' id='word_1_157' title='bbox 600 2584 684 2643; x_wconf 86' lang='lat' dir='ltr'><strong>simul</strong></span> <span class='ocrx_word' id='word_1_158' title='bbox 709 2586 879 2646; x_wconf 77' lang='lat' dir='ltr'><strong>sodomum</strong></span> 
     </span>
     <span class='ocr_line' id='line_1_24' title="bbox 98 2677 879 2756; baseline 0.006 -20"><span class='ocrx_word' id='word_1_159' title='bbox 98 2677 218 2736; x_wconf 85' lang='lat' dir='ltr'><strong>redisset</strong></span> <span class='ocrx_word' id='word_1_160' title='bbox 225 2698 234 2748; x_wconf 87' lang='lat'>;</span> <span class='ocrx_word' id='word_1_161' title='bbox 268 2680 445 2751; x_wconf 67' lang='lat' dir='ltr'><strong>“Perdam&#39;’</strong></span> <span class='ocrx_word' id='word_1_162' title='bbox 481 2680 582 2756; x_wconf 88' lang='lat' dir='ltr'><strong>inquit,</strong></span> <span class='ocrx_word' id='word_1_163' title='bbox 617 2686 755 2755; x_wconf 87' lang='lat' dir='ltr'><strong>“vooem,</strong></span> <span class='ocrx_word' id='word_1_164' title='bbox 788 2683 812 2741; x_wconf 91' lang='lat' dir='ltr'><strong>si</strong></span> <span class='ocrx_word' id='word_1_165' title='bbox 849 2683 879 2741; x_wconf 94' lang='lat' dir='ltr'><strong>id</strong></span> 
     </span>
     <span class='ocr_line' id='line_1_25' title="bbox 95 2773 876 2852; baseline 0.006 -21"><span class='ocrx_word' id='word_1_166' title='bbox 95 2773 232 2832; x_wconf 82' lang='lat' dir='ltr'><strong>seuero:&#39;&#39;</strong></span> <span class='ocrx_word' id='word_1_167' title='bbox 260 2774 395 2833; x_wconf 87' lang='lat' dir='ltr'><strong>“Melius</strong></span> <span class='ocrx_word' id='word_1_168' title='bbox 417 2777 489 2848; x_wconf 89' lang='lat' dir='ltr'><strong>est‚&#39;’</strong></span> <span class='ocrx_word' id='word_1_169' title='bbox 511 2775 613 2851; x_wconf 91' lang='lat' dir='ltr'><strong>inquit,</strong></span> <span class='ocrx_word' id='word_1_170' title='bbox 635 2782 747 2852; x_wconf 86' lang='lat' dir='ltr'><strong>“quam</strong></span> <span class='ocrx_word' id='word_1_171' title='bbox 767 2780 876 2837; x_wconf 86' lang='lat' dir='ltr'><strong>reum.&#39;&#39;</strong></span> 
     </span>
    </p>

    <p class='ocr_par' dir='ltr' id='par_1_5' title="bbox 95 2869 923 3144">
     <span class='ocr_line' id='line_1_26' title="bbox 137 2869 923 2949; baseline 0.011 -21"><span class='ocrx_word' id='word_1_172' title='bbox 137 2869 249 2929; x_wconf 88' lang='lat' dir='ltr'><strong>Bellum</strong></span> <span class='ocrx_word' id='word_1_173' title='bbox 268 2872 355 2929; x_wconf 81' lang='lat' dir='ltr'><strong>etism</strong></span> <span class='ocrx_word' id='word_1_174' title='bbox 374 2882 427 2945; x_wconf 90' lang='lat' dir='ltr'><strong>est,</strong></span> <span class='ocrx_word' id='word_1_175' title='bbox 448 2890 524 2944; x_wconf 88' lang='lat' dir='ltr'><strong>oum,</strong></span> <span class='ocrx_word' id='word_1_176' title='bbox 542 2873 610 2949; x_wconf 89' lang='lat' dir='ltr'><strong>quid</strong></span> <span class='ocrx_word' id='word_1_177' title='bbox 630 2873 734 2949; x_wconf 79' lang='lat' dir='ltr'><strong>cuique</strong></span> <span class='ocrx_word' id='word_1_178' title='bbox 754 2874 791 2933; x_wconf 87' lang='lat' dir='ltr'><strong>sit</strong></span> <span class='ocrx_word' id='word_1_179' title='bbox 810 2893 878 2934; x_wconf 89' lang='lat' dir='ltr'><strong>oon·</strong></span> <span class='ocrx_word' id='word_1_180' title='bbox 890 2887 923 2937; x_wconf 66' lang='lat' dir='ltr'><strong>ab</strong></span> 
     </span>
     <span class='ocr_line' id='line_1_27' title="bbox 95 2967 878 3041; baseline 0.009 -20"><span class='ocrx_word' id='word_1_181' title='bbox 95 2976 273 3039; x_wconf 85' lang='lat' dir='ltr'><strong>sentaneum,</strong></span> <span class='ocrx_word' id='word_1_182' title='bbox 286 2967 408 3038; x_wconf 81' lang='lat' dir='ltr'><strong>dieitur3</strong></span> <span class='ocrx_word' id='word_1_183' title='bbox 429 2977 470 3041; x_wconf 88' lang='lat' dir='ltr'><strong>ut,</strong></span> <span class='ocrx_word' id='word_1_184' title='bbox 484 2986 550 3027; x_wconf 87' lang='lat' dir='ltr'><strong>ourn</strong></span> <span class='ocrx_word' id='word_1_185' title='bbox 566 2969 692 3027; x_wconf 79' lang='lat' dir='ltr'><strong>Scaurus</strong></span> <span class='ocrx_word' id='word_1_186' title='bbox 711 2970 878 3029; x_wconf 87' lang='lat' dir='ltr'><strong>nonnullam</strong></span> 
     </span>
     <span class='ocr_line' id='line_1_28' title="bbox 96 3059 877 3144; baseline 0.009 -25"><span class='ocrx_word' id='word_1_187' title='bbox 96 3059 212 3123; x_wconf 84' lang='lat' dir='ltr'><strong>baberet</strong></span> <span class='ocrx_word' id='word_1_188' title='bbox 231 3063 367 3125; x_wconf 79' lang='lat' dir='ltr'><strong>insidiam</strong></span> <span class='ocrx_word' id='word_1_189' title='bbox 385 3084 422 3128; x_wconf 80' lang='lat' dir='ltr'><strong>ex</strong></span> <span class='ocrx_word' id='word_1_190' title='bbox 440 3083 493 3140; x_wconf 82' lang='lat' dir='ltr'><strong>eo,</strong></span> <span class='ocrx_word' id='word_1_191' title='bbox 507 3065 583 3143; x_wconf 91' lang='lat' dir='ltr'><strong>quod</strong></span> <span class='ocrx_word' id='word_1_192' title='bbox 602 3064 774 3144; x_wconf 82' lang='lat' dir='ltr'><strong>Phrygionis</strong></span> <span class='ocrx_word' id='word_1_193' title='bbox 795 3065 877 3126; x_wconf 86' lang='lat' dir='ltr'><strong>Pom·</strong></span> 
     </span>
    </p>
   </div>
   <div class='ocr_carea' id='block_1_4' title="bbox 0 0 1060 3417">
    <p class='ocr_par' dir='ltr' id='par_1_6' title="bbox 0 0 1060 3417">
     <span class='ocr_line' id='line_1_29' title="bbox 0 0 1060 3417; baseline 0 3"><span class='ocrx_word' id='word_1_194' title='bbox 0 0 1060 3417; x_wconf 95' lang='lat' dir='ltr'><strong> </strong></span> 
     </span>
    </p>
   </div>
  </div>
 </body>
</html>
