2109 3417
111 299 138 345 u
148 298 191 360 u]
391 291 436 344 ne
454 295 618 345 omrocu.
885 287 942 352 177

110 446 192 505 necis
211 445 309 504 socius
327 445 415 519 fuisti,
430 447 504 521 quod
519 462 582 504 earn
596 446 690 524 legem
704 446 734 505 in
748 447 897 512 tribunatu

109 543 210 615 tulisti,
240 543 317 619 quod
344 561 455 618 semper
483 561 501 600 a
525 543 610 600 bonis
636 544 801 603 dissensisti.
850 545 896 604 Ex

81 700 84 706 ,
111 640 206 697 causis
233 651 328 697 autem
355 657 449 697 rerum
477 639 537 696 sic:
565 639 723 698 Avaritiam
747 641 771 698 si
795 642 898 700 tollere

111 736 205 807 ruitis,
226 745 317 793 mater
336 737 399 812 ejus
418 746 462 792 est
473 735 611 808 tollenda,
625 736 759 796 luxuries.
801 737 846 796 Ex
860 738 895 796 iis

112 842 216 904 autem,
244 851 308 908 que
341 842 408 889 sunt
439 842 504 890 orte
534 833 571 889 de
598 831 708 890 causis:
743 833 775 891 si
803 835 894 893 erarii
908 843 929 892 5¹

111 928 212 1002 copiis,
234 938 263 985 et
285 928 320 985 ud
341 928 409 985 belii
432 929 604 1006 adjumenta,
618 939 648 986 et
669 928 703 986 ad
727 940 900 990 ornaments

109 1025 190 1100 pacis
217 1025 332 1097 utimur,
354 1025 543 1102 vectigalibus
566 1025 729 1083 serviamus.
783 1025 896 1104 Majora

111 1129 217 1190 autem,
237 1131 266 1178 et
286 1121 407 1192 minora,
427 1130 457 1178 et
475 1119 556 1196 paria
583 1121 820 1197 comparabimus,
841 1122 892 1182 sic.

110 1214 156 1272 Ex
176 1215 299 1291 majore:
321 1217 353 1274 Si
367 1217 443 1275 bonu
461 1215 635 1275 existimatio
652 1216 757 1274 divitiis
769 1228 893 1293 prestat,

109 1322 140 1369 et
165 1312 290 1387 pecunia
315 1323 464 1389 tantopere
496 1312 647 1389 expetitur,
675 1323 780 1389 quanto
805 1314 895 1392 gioria
908 1323 940 1374 1⁰

110 1408 203 1486 magis
216 1418 260 1466 est
272 1409 451 1486 expetendai
491 1409 536 1466 Ex
549 1409 659 1468 minore
673 1410 732 1468 sic:

449 1523 467 1552 “
474 1521 524 1582 hic,
535 1535 617 1584 parve
629 1521 817 1570 consuetudinis

153 1599 734 1664 fflcmnujusmortemserttamfamiliariter:
826 1614 827 1622 ¹

152 1680 850 1746 oueutpmnaeaaquamuuccuetpauirv

110 1797 156 1856 Ex
174 1797 236 1873 pari
256 1797 316 1866 sic:
336 1796 389 1854 Est
408 1797 537 1874 ejusdem
557 1807 586 1856 et
601 1797 720 1873 eripere,
737 1795 780 1875 [et
793 1807 894 1857 contra
907 1805 939 1858 15

109 1879 316 1970 rempublicam
342 1893 464 1974 largiri]
491 1893 638 1970 pecunias.
686 1893 771 1951 Foris
798 1905 892 1954 autem

111 1999 293 2047 assumuntur
312 2007 357 2062 ea,
378 2006 440 2063 quae
466 2007 525 2047 uon
553 1989 605 2047 sud
626 1988 664 2061 vi,
685 1990 734 2048 sed
757 1989 892 2049 extranee

109 2086 303 2157 sublevantur,
329 2095 362 2142 ut
387 2085 466 2142 brec:
501 2084 569 2143 Hoc
596 2105 694 2144 verum
727 2096 786 2157 est;
821 2088 892 2146 dixit

110 2181 187 2238 enim
200 2181 240 2243 Q.
255 2181 403 2239 Lutatius:
425 2181 493 2238 Hoc
506 2181 607 2239 falsum
623 2191 665 2239 est
674 2201 682 2253 ;
704 2182 800 2242 habita
816 2185 892 2242 enim

111 2279 231 2353 questio
243 2289 302 2336 est:
324 2277 391 2335 Hoc
404 2277 485 2353 sequi
498 2297 618 2336 necesse
632 2289 689 2349 est3
711 2279 802 2336 recito
815 2280 892 2337 enim
905 2295 941 2346 ω

110 2375 230 2432 tabulas.
284 2375 330 2432 De
348 2392 406 2449 quo
427 2391 533 2451 genere
553 2385 616 2432 toto
634 2375 720 2452 paulo
740 2389 805 2435 oute
825 2375 892 2436 dixi.

110 2469 195 2542 Haec,
222 2480 254 2528 ut
280 2470 446 2530 brevissime
471 2469 531 2529 dici
556 2481 720 2547 potuerunt,
745 2471 785 2534 ite
809 2490 826 2531 a
847 2491 894 2532 me

109 2565 276 2626 dictasunt.

150 2757 230 2816 XLI.
261 2757 300 2817 Ut
325 2759 413 2832 enirn,
441 2759 465 2817 si
492 2777 593 2818 aurum
626 2759 684 2832 cui,
711 2759 786 2834 quod
819 2768 894 2819 esset

108 2855 294 2914 multifariam
331 2855 485 2928 defossum,
524 2863 746 2914 commonstrare
782 2855 892 2928 vellem,
905 2869 936 2919 25

109 2952 180 3009 satis
199 2969 263 3009 esse
283 2951 410 3022 deberet,
424 2951 448 3009 si
461 2951 545 3028 signa
564 2960 594 3008 et
609 2960 696 3008 ¹notas
714 2950 894 3008 ostenderem

23 3083 37 3103 1
109 3046 250 3121 iocorum,
270 3047 375 3124 quibus
394 3047 527 3125 cognitis,
548 3046 597 3106 ille
616 3045 671 3104 sibi
691 3045 752 3124 ipse
775 3045 895 3116 foderet,
