2109 3417
137 304 194 365 15⁴
456 313 687 361 nnonrrona
884 314 983 374 [nm

182 461 299 520 tationis
326 473 410 539 atque
443 463 555 520 aurium
588 462 686 534 eausa,
715 461 983 538 (quemadmodum
1028 519 1029 522 ,

182 559 283 616 scribit
309 559 466 636 discipulus
489 559 550 636 ejus
571 559 749 638 Naucrates)
770 560 906 617 numeris
937 560 982 617 ad-

182 656 342 733 stringeret.
384 656 518 730 Namque
538 656 600 712 haec
621 656 678 712 duo
697 655 814 726 musici,
830 657 981 730 quierant
1029 654 1030 705 l

183 752 327 826 quondam
347 752 434 809 iidem
454 757 557 827 poetae,
571 751 728 808 machinati
750 753 786 808 ad
801 751 980 828 voluptatem

151 858 259 918 nsunt,
286 867 397 905 rasum
433 857 517 923 atque
549 856 675 918 cantum,
703 858 735 904 ut
761 858 791 905 et
822 851 979 907 verborum

182 963 314 1014 numero,
335 956 364 1001 et
383 963 485 1002 vocum
509 943 604 1015 modo,
627 941 851 1025 [delectatione]
883 946 979 1003 vince·

183 1052 248 1098 rent
269 1041 378 1097 aurium
399 1041 569 1097 satietatem.
610 1039 684 1096 Haec
703 1039 790 1117 igitur
806 1039 869 1099 duo
886 1042 977 1120 (vocis

183 1136 251 1194 dico
265 1136 498 1207 moderationem,
512 1145 541 1193 et
556 1137 707 1192 verborum
728 1136 976 1218 conclusionem),

184 1233 278 1308 quoad
297 1233 433 1290 orationis
462 1231 597 1289 severitas
616 1231 675 1308 pati
695 1233 795 1308 possit,
819 1253 837 1292 a
856 1236 975 1311 politici

137 1345 169 1394 lo
184 1330 220 1387 ad
233 1329 424 1404 eloquentiam
439 1328 616 1387 traducenda
630 1329 780 1386 duxerunt

222 1426 257 1484 ln
271 1443 329 1500 quo
348 1425 417 1482 illud
437 1434 480 1481 est
493 1425 538 1481 vel
559 1424 723 1496 maximum,
738 1425 816 1500 quod
831 1446 935 1486 versus
949 1430 973 1486 in

184 1524 315 1582 oratione
346 1521 371 1579 si
407 1522 529 1578 efficitur
566 1521 772 1616 conjunctione
808 1523 973 1596 verborum,

183 1621 283 1678 sitium
298 1630 356 1688 est;
377 1628 407 1675 et
424 1627 519 1674 tamen
540 1635 603 1674 eam
624 1617 873 1693 conjunctionem,
891 1622 973 1679 sicuti

184 1736 306 1787 versum,
321 1733 471 1773 numerose
492 1714 606 1784 cadere,
621 1723 650 1770 et
664 1713 813 1789 quadrare,
830 1725 861 1773 et
874 1719 974 1792 perfici

137 1831 168 1879 15
183 1814 328 1871 volumus„
373 1811 478 1886 Neque
504 1819 548 1868 est
575 1828 609 1868 ex
632 1809 730 1867 multis
752 1829 799 1868 res
819 1831 892 1887 una,
915 1835 973 1890 qua

183 1908 275 1985 magis
294 1917 435 1965 oratorem
457 1907 493 1964 ab
512 1905 645 1981 imperito
665 1906 791 1978 dicendi,
812 1907 974 1986 ignaroque

183 2005 350 2080 distinguat,
361 2023 445 2080 quam
459 2001 536 2078 quod
550 2002 598 2059 ille
611 2002 690 2060 rudis
704 2002 854 2061 incondite
869 2006 973 2079 fundit,

184 2110 321 2175 quantum
341 2109 443 2171 potest,
463 2111 493 2158 et
512 2098 551 2170 id,
574 2098 649 2172 quod
677 2098 757 2170 dicit,
779 2100 896 2174 spiritu,
918 2123 972 2161 non

185 2207 255 2267 arte,
276 2197 463 2266 determinat3
484 2205 580 2252 orator
608 2205 703 2252 aulem
730 2195 773 2252 sic
797 2196 892 2274 illigat
914 2219 973 2258 sen·

135 2307 168 2356 20
183 2291 303 2349 tentiam
329 2293 431 2364 verbis,
452 2301 484 2348 ut
504 2309 567 2348 eam
595 2308 715 2348 numero
742 2293 869 2366 quodam
898 2314 972 2352 com-

182 2389 332 2465 plectatur,
360 2399 390 2446 et
421 2387 537 2445 astricto
570 2397 599 2444 et
632 2387 734 2446 soluto.
788 2387 878 2462 Nam,
908 2411 970 2450 cum

183 2486 273 2543 vinxit
286 2486 378 2542 modis
392 2495 422 2542 et
439 2485 540 2555 formal,
555 2483 663 2541 relaxat
676 2495 705 2541 et
718 2483 821 2542 liberat
842 2487 971 2546 immuta-

183 2585 261 2641 tione
282 2585 400 2656 ordinis,
415 2594 446 2640 nt
459 2583 546 2640 verba
566 2601 659 2657 neque
680 2583 795 2660 alligata
816 2583 876 2642 sint
893 2588 969 2660 quasi

184 2681 264 2738 eertd
291 2681 386 2755 aliqud
411 2679 476 2757 lege
500 2677 607 2751 versus,
629 2698 722 2756 neque
749 2679 789 2738 ita
816 2681 922 2756 soluta,
943 2691 969 2740 ut

134 2778 168 2828 25
183 2789 329 2855 vagentur.

221 2971 314 3028 XLV.
343 2969 482 3032 Quonam
503 2968 591 3044 igitur
616 2969 702 3026 modo
733 2978 845 3027 tanturn
867 2989 968 3028 munus

182 3067 356 3138 insistemus,
367 3075 399 3124 ut
410 3064 579 3124 arbitremur
592 3081 645 3122 nos
658 3064 734 3122 hanc
747 3065 804 3122 rim
818 3083 968 3126 numerose
