2109 3417
134 266 204 327 r..1.]
416 266 459 315 nn
480 267 645 315 carrona
928 256 967 319 tl

176 412 261 473 XXI.
295 413 430 491 Tumque
463 434 528 493 ego,
563 416 619 475 hac
650 414 753 473 eidem
785 414 922 492 opinione

136 511 287 581 adductus,
302 512 404 587 scripsi
424 514 509 570 etiarn
530 513 601 570 illud
620 513 745 589 quodam
765 512 795 571 in
813 513 921 585 libello,

136 607 185 683 qui
200 626 246 664 me
260 608 440 683 imprudente
459 619 489 666 et
509 609 599 667 inrito
618 609 736 680 excidit,
751 619 780 667 et
792 610 922 685 pervenit

137 704 166 761 in
187 722 289 761 manus
309 704 467 776 hominum,
481 705 604 764 disertos
622 724 670 763 me
690 704 831 783 cognosse
850 724 922 765 non·

135 800 240 871 nullos,
261 801 441 874 cloquentem
464 802 558 859 adhuc
578 802 739 861 neminem:
761 802 836 877 quod
853 808 952 861 eumd

135 896 295 953 statuebam
311 896 460 967 disertum,
474 897 523 972 qui
537 908 633 973 poscet
644 897 714 955 aatia
727 907 822 970 acute,
837 909 921 977 atqua

135 991 273 1063 dilucide,
288 992 361 1069 apud
382 993 544 1050 mediocres
563 994 702 1065 homines,
720 1013 757 1051 ex
776 995 921 1053 communi

135 1088 259 1164 quddam
279 1088 425 1165 opinione,
444 1089 558 1159 dicere3
579 1090 760 1164 eloquentem
780 1109 858 1164 vero,
871 1091 921 1168 qui

136 1185 294 1243 mirabilius
308 1195 337 1244 et
350 1186 581 1263 magnificentius
601 1205 707 1264 augere
725 1199 822 1263 poaeet
835 1199 921 1266 atque

136 1299 248 1353 ornare,
269 1301 332 1357 qum
359 1283 453 1354 vellet,
477 1300 633 1357 omnesque
658 1285 786 1342 omnium
813 1290 967 1359 rerum,1⁰

136 1397 198 1453 qum
219 1379 254 1436 ad
275 1379 430 1438 dicendum
449 1379 635 1454 pertinerent,
654 1380 747 1439 sontes
768 1382 864 1439 animo
884 1401 920 1443 ac

135 1474 273 1552 memorii
294 1476 462 1533 contineret.
516 1474 550 1531 Id
570 1476 595 1532 ai
615 1486 668 1533 est-
681 1477 798 1536 difficile
823 1478 919 1552 nobie,

133 1570 184 1645 qni
206 1581 281 1643 ante,
302 1590 386 1646 quam
408 1571 443 1627 ad
465 1569 635 1629 discendum
662 1573 784 1649 ingressi
810 1594 918 1647 eumue,

135 1667 282 1725 obruimur
309 1667 464 1727 ambitione
490 1677 519 1725 et
547 1668 623 1735 soro;
654 1669 692 1726 cit
714 1683 810 1727 tamen
833 1670 920 1729 inre

134 1764 258 1839 positum
291 1774 375 1839 atque
407 1763 519 1821 naturd.
574 1763 639 1841 Ego
666 1765 754 1837 enim,
780 1775 918 1840 qnantum
934 1773 965 1823 ld

136 1878 259 1937 auguror
273 1859 449 1936 conjectori,
464 1870 628 1934 quantaque
641 1859 759 1937 ingenia
772 1860 801 1919 in
815 1860 919 1919 nostrie

134 1955 298 2015 hominibus
312 1974 375 2015 ease
388 1956 482 2026 video,
496 1974 555 2013 non
575 1956 705 2031 despero,
720 1956 781 2015 sore
795 1957 918 2032 aliquem

135 2052 297 2127 aliquando,
319 2052 366 2127 qui
386 2061 416 2109 et
436 2052 532 2109 studio
553 2052 673 2122 acriore,
693 2072 779 2128 quam
799 2072 853 2111 noa
872 2074 918 2113 aar·

133 2168 198 2207 mus
219 2160 302 2224 atque
322 2149 437 2219 suimus,
452 2159 480 2205 et
493 2149 554 2205 otio
575 2168 610 2206 ac
630 2149 765 2208 facultate
786 2150 917 2211 discendi

133 2246 241 2323 majore
261 2265 296 2304 ac
315 2246 479 2315 maturiore,
499 2258 528 2303 et
548 2246 646 2303 labore
669 2260 754 2322 atque
777 2248 916 2309 induerit
931 2257 964 2309 w

134 2342 289 2419 superiore,
316 2360 383 2399 cum
410 2360 441 2399 se
472 2342 507 2399 ad
540 2342 725 2415 audiendum,
752 2344 916 2422 legendum,

133 2434 373 2513 scribendumque
406 2437 557 2510 dediderit,
583 2439 686 2498 existat
717 2439 784 2497 talia
809 2451 915 2512 orator,

134 2536 245 2610 qualem
265 2535 434 2611 quaerimua3
454 2535 503 2611 qui
520 2536 584 2611 jure
603 2555 661 2594 non
676 2536 769 2594 solnm
783 2536 915 2608 disertus,

134 2632 284 2691 sedetiam
300 2630 438 2707 eloquens
457 2632 516 2690 dici
536 2633 642 2707 poeait:
663 2632 713 2707 qui
731 2643 837 2704 tamen,
851 2634 916 2693 med

134 2729 285 2801 sententia,
307 2739 355 2787 aut
375 2729 423 2787 hic
443 2739 486 2787 est
502 2728 562 2805 jam
581 2729 714 2799 Craaaue,
734 2739 793 2800 aut,
808 2730 834 2788 ai
852 2730 916 2805 quia
929 2738 962 2789 ὕ

132 2826 194 2903 pari
215 2826 300 2885 luerit
316 2826 442 2902 ingenio,
456 2826 604 2902 pluraque,
618 2844 702 2900 quam
723 2825 781 2897 hic,
795 2837 825 2885 et
838 2826 917 2885 audi·

133 2922 196 2993 erit,
223 2931 253 2979 et
282 2922 428 2995 lectitdrit,
454 2933 484 2981 et
514 2920 672 2998 acripaerit,
698 2921 816 2997 pculum
847 2919 917 2977 huic

134 3017 240 3097 aliquid
253 3018 359 3095 poterit
372 3019 485 3079 addere.

367 3113 415 3172 ,μ
