2109 3417
117 264 175 324 tte
433 272 476 318 ns
497 271 668 318 onerosa·
864 270 903 330 [11.
913 268 950 314 n.

160 430 191 479 et
210 419 250 491 id,
270 420 346 494 quod
367 419 461 490 vellet,
480 419 598 495 parvulo
617 418 725 489 labore,
741 417 821 475 nullo
840 437 947 491 errore,

161 516 318 585 inveniret3
354 516 398 574 sic
434 516 486 573 has
520 529 577 591 ego
614 527 845 592 argumentorum
878 516 948 574 novi

161 623 253 683 notus,
268 632 330 687 quta
351 613 400 670 illu
419 594 492 669 milii
511 612 648 686 querenti
669 612 874 680 demonstrant,
896 612 948 670 ubi

161 708 234 777 sint;
255 708 364 782 reliqua
374 709 443 764 curi
454 719 483 764 et
494 707 670 783 cogitatione
681 718 826 774 eruuntur.
857 707 947 768 Quod

131 811 257 860 dautem
285 814 515 878 argumentorum
543 821 633 878 genus
661 802 766 876 cuique
793 821 947 859 causarum

161 899 260 975 generi
274 899 395 956 maxime
409 898 571 968 conveniat,
583 917 640 954 non
655 909 699 956 est
714 898 781 954 artis
795 898 946 973 exquisitae

162 995 355 1070 praescribere,
370 995 420 1052 sed
441 1005 484 1051 est
503 995 657 1052 mediocris
679 994 786 1071 ingenii
804 995 945 1069 judicare.

162 1091 265 1165 Neque
285 1092 361 1149 enim
381 1110 460 1148 nunc
480 1091 508 1147 id
531 1091 650 1166 agimus,
667 1101 697 1148 ut
718 1104 804 1148 artem
822 1091 945 1164 aliquem

163 1185 278 1243 dicendi
293 1186 477 1259 explicemus,
488 1185 539 1240 sed
550 1195 580 1241 ut
595 1185 767 1242 doctissimis
781 1185 946 1242 hominibus

117 1294 149 1343 10
163 1282 231 1340 usus
244 1281 331 1338 nostri
342 1281 421 1356 quasi
436 1280 565 1354 quedam
581 1281 690 1337 monita
703 1281 854 1338 tradamus,
889 1281 946 1337 His

163 1377 250 1455 igitur
269 1376 342 1433 locis
357 1377 385 1433 in
399 1387 496 1434 mente
509 1387 538 1432 et
554 1376 728 1452 cogitatione
749 1377 856 1446 deliris,
871 1388 900 1433 et
915 1377 945 1434 iu
988 1397 991 1404 ·
1045 1395 1046 1400 ¹

162 1473 241 1530 omni
254 1491 285 1530 re
298 1472 333 1528 ad
348 1472 502 1529 dicendum
521 1471 615 1546 positi
634 1471 776 1541 excitetis,
791 1472 860 1528 nihil
879 1473 944 1543 erit,

162 1569 238 1644 quod
264 1579 405 1626 oratorem
432 1567 557 1643 effugere
591 1567 690 1642 possit,
718 1586 776 1625 non
803 1568 887 1624 modo
913 1568 945 1625 in

163 1662 322 1723 forensibus
342 1661 607 1739 disceptationibus,
628 1664 677 1720 sed
697 1663 816 1720 omnino
836 1663 866 1719 in
884 1663 945 1720 ullo

117 1765 149 1815 15
161 1779 266 1838 genere
293 1760 417 1818 dicendi.
471 1758 504 1816 si
531 1778 597 1817 vero
625 1770 799 1834 assequetur,
822 1769 854 1818 ut
879 1759 946 1816 talis

161 1857 300 1929 rideatur,
314 1857 426 1933 qualem
439 1875 472 1914 se
485 1855 574 1912 rideri
588 1856 664 1927 velit,
679 1867 708 1912 et
722 1856 832 1914 animos
846 1875 944 1914 eorum

162 1953 203 2012 ita
223 1954 337 2024 afficiat,
353 1953 427 2029 apud
448 1971 521 2028 quos
541 1963 616 2029 aget,
636 1963 669 2010 ut
688 1972 748 2023 eos,
763 1971 945 2026 quocumque

162 2049 239 2121 velit,
253 2050 296 2106 vel
310 2049 424 2107 trahere
437 2051 480 2108 tel
494 2067 593 2124 rapere
606 2050 695 2124 possit
703 2070 711 2119 ;
732 2049 802 2106 nihil
816 2049 944 2124 profecto

161 2155 298 2222 preterea
312 2147 346 2203 ad
361 2147 514 2204 dicendum
529 2147 662 2220 requiret.
704 2146 722 2202 J
725 2165 768 2203 nm
784 2146 852 2202 illud
868 2145 944 2202 vide·

117 2250 149 2301 ἵ)
163 2260 227 2298 mus
246 2242 424 2316 nequiquam
443 2243 513 2300 satis
533 2261 605 2312 esse,
620 2243 744 2318 reperire
764 2243 832 2318 quid
852 2243 942 2314 dicas,

162 2338 218 2396 nisi
246 2338 276 2395 id
302 2338 448 2394 inventum
482 2349 604 2396 tractare
638 2339 737 2414 possis.
792 2339 943 2397 Tractatio

164 2446 258 2493 sutem
272 2434 351 2491 varia
369 2453 431 2490 esse
451 2435 546 2504 debet,
561 2453 597 2492 ne
612 2445 659 2494 aut
673 2447 830 2511 cognoscat
844 2452 942 2508 artem,

163 2531 212 2606 qui
227 2531 332 2601 audiat,
343 2516 396 2587 aut
409 2529 579 2606 defatigetur
596 2530 790 2606 similitudinis
804 2533 941 2591 satietate.

162 2626 285 2702 Proponi
300 2637 420 2702 oportet,
435 2625 502 2701 quid
523 2626 632 2696 afferas,
646 2637 684 2698 et,
700 2627 728 2682 id
743 2647 829 2701 quare
844 2629 882 2686 ite
896 2629 940 2699 sit,

116 2737 149 2788 25
162 2724 328 2792 ostendere;
356 2733 385 2779 et
405 2723 505 2780 iisdem
526 2722 583 2780 illis
596 2723 692 2780 locis·
708 2723 849 2782 interdum
876 2743 942 2780 con-

162 2803 462 2894 cludere,'relinquerc
484 2819 562 2890 elias,
577 2819 690 2894 alioque
710 2821 846 2877 transire:
868 2837 942 2893 sepe

161 2934 221 2976 non
240 2933 408 2991 proponere,
428 2935 472 2985 ac,
492 2915 603 2972 ratione
623 2916 685 2991 ipsd
706 2915 858 2987 afferenda,
873 2915 940 2990 quid

161 3011 378 3090 proponendum
412 3011 507 3082 fuerit,
538 3011 700 3070 declarare:
735 3011 759 3068 si
792 3011 840 3068 cui
873 3011 941 3087 quid
