<?xml version="1.0" encoding="UTF-8"?>
<!DOCTYPE html PUBLIC "-//W3C//DTD XHTML 1.0 Transitional//EN"
    "http://www.w3.org/TR/xhtml1/DTD/xhtml1-transitional.dtd">
<html xmlns="http://www.w3.org/1999/xhtml" xml:lang="en" lang="en">
 <head>
  <title>
</title>
<meta http-equiv="Content-Type" content="text/html;charset=utf-8" />
  <meta name='ocr-system' content='tesseract 3.04.00' />
  <meta name='ocr-capabilities' content='ocr_page ocr_carea ocr_par ocr_line ocrx_word'/>
</head>
<body>
  <div class='ocr_page' id='page_1' title='image "./mtciceronisadqu00dillgoog_0105.png"; bbox 0 0 2109 3417; ppageno 0'>
   <div class='ocr_carea' id='block_1_1' title="bbox 114 275 945 363">
    <p class='ocr_par' dir='ltr' id='par_1_1' title="bbox 114 275 945 363">
     <span class='ocr_line' id='line_1_1' title="bbox 114 275 945 363; baseline -0.002 -27"><span class='ocrx_word' id='word_1_1' title='bbox 114 290 200 363; x_wconf 82' lang='grc' dir='ltr'>ι.ι.]Ι</span> <span class='ocrx_word' id='word_1_2' title='bbox 392 289 436 336; x_wconf 82' lang='lat' dir='ltr'>oa</span> <span class='ocrx_word' id='word_1_3' title='bbox 457 287 620 334; x_wconf 73' lang='lat' dir='ltr'>carrona.</span> <span class='ocrx_word' id='word_1_4' title='bbox 904 275 945 334; x_wconf 82' lang='grc'>99</span> 
     </span>
    </p>
   </div>
   <div class='ocr_carea' id='block_1_2' title="bbox 82 433 943 3011">
    <p class='ocr_par' dir='ltr' id='par_1_2' title="bbox 82 433 943 3011">
     <span class='ocr_line' id='line_1_2' title="bbox 113 433 898 514; baseline -0.005 -20"><span class='ocrx_word' id='word_1_5' title='bbox 113 437 217 512; x_wconf 89' lang='lat' dir='ltr'>optimi</span> <span class='ocrx_word' id='word_1_6' title='bbox 243 437 296 495; x_wconf 85' lang='lat' dir='ltr'>viri</span> <span class='ocrx_word' id='word_1_7' title='bbox 322 436 453 509; x_wconf 82' lang='lat' dir='ltr'><strong>dixerim,</strong></span> <span class='ocrx_word' id='word_1_8' title='bbox 477 436 627 514; x_wconf 71' lang='lat' dir='ltr'>Scaevolae)</span> <span class='ocrx_word' id='word_1_9' title='bbox 656 444 698 506; x_wconf 95' lang='lat' dir='ltr'>tu,</span> <span class='ocrx_word' id='word_1_10' title='bbox 722 433 826 493; x_wconf 75' lang='lat' dir='ltr'><strong>libellis</strong></span> <span class='ocrx_word' id='word_1_11' title='bbox 850 444 898 492; x_wconf 85' lang='lat' dir='ltr'>aut</span> 
     </span>
     <span class='ocr_line' id='line_1_3' title="bbox 113 531 896 608; baseline -0.001 -19"><span class='ocrx_word' id='word_1_12' title='bbox 113 533 265 608; x_wconf 81' lang='lat' dir='ltr'>praeoeptis</span> <span class='ocrx_word' id='word_1_13' title='bbox 279 534 373 590; x_wconf 84' lang='lat' dir='ltr'>soceri</span> <span class='ocrx_word' id='word_1_14' title='bbox 386 533 439 604; x_wconf 90' lang='lat' dir='ltr'>tui,</span> <span class='ocrx_word' id='word_1_15' title='bbox 450 551 567 591; x_wconf 84' lang='lat' dir='ltr'>causam</span> <span class='ocrx_word' id='word_1_16' title='bbox 582 531 623 588; x_wconf 90' lang='grc' dir='ltr'>Μ’</span> <span class='ocrx_word' id='word_1_17' title='bbox 639 531 720 590; x_wconf 88' lang='lat' dir='ltr'>Curii</span> <span class='ocrx_word' id='word_1_18' title='bbox 735 531 896 588; x_wconf 78' lang='lat' dir='ltr'><strong>defendisti.</strong></span> 
     </span>
     <span class='ocr_line' id='line_1_4' title="bbox 113 627 899 704; baseline -0.003 -19"><span class='ocrx_word' id='word_1_19' title='bbox 113 628 223 685; x_wconf 87' lang='lat' dir='ltr'>Nonne</span> <span class='ocrx_word' id='word_1_20' title='bbox 237 629 378 704; x_wconf 82' lang='lat' dir='ltr'>arripuisti</span> <span class='ocrx_word' id='word_1_21' title='bbox 392 629 580 704; x_wconf 75' lang='lat' dir='ltr'>patrocinium</span> <span class='ocrx_word' id='word_1_22' title='bbox 596 627 745 701; x_wconf 71' lang='lat' dir='ltr'>equitatis,</span> <span class='ocrx_word' id='word_1_23' title='bbox 760 638 788 684; x_wconf 89' lang='lat' dir='ltr'>et</span> <span class='ocrx_word' id='word_1_24' title='bbox 802 627 899 684; x_wconf 88' lang='lat' dir='ltr'>defen·</span> 
     </span>
     <span class='ocr_line' id='line_1_5' title="bbox 114 724 897 794; baseline 0.001 -14"><span class='ocrx_word' id='word_1_25' title='bbox 114 724 223 781; x_wconf 87' lang='lat' dir='ltr'>sionem</span> <span class='ocrx_word' id='word_1_26' title='bbox 234 728 478 794; x_wconf 70' lang='lat' dir='ltr'>testamentorum,</span> <span class='ocrx_word' id='word_1_27' title='bbox 491 743 525 782; x_wconf 84' lang='lat' dir='ltr'>ec</span> <span class='ocrx_word' id='word_1_28' title='bbox 537 724 690 780; x_wconf 84' lang='lat' dir='ltr'>voluntatis</span> <span class='ocrx_word' id='word_1_29' title='bbox 701 725 897 781; x_wconf 82' lang='lat' dir='ltr'>mortuoruml</span> 
     </span>
     <span class='ocr_line' id='line_1_6' title="bbox 114 819 927 896; baseline -0.002 -18"><span class='ocrx_word' id='word_1_30' title='bbox 114 821 172 890; x_wconf 83' lang='lat' dir='ltr'>Ac,</span> <span class='ocrx_word' id='word_1_31' title='bbox 193 821 257 878; x_wconf 64' lang='lat' dir='ltr'>met</span> <span class='ocrx_word' id='word_1_32' title='bbox 283 821 397 896; x_wconf 89' lang='lat' dir='ltr'>quidem</span> <span class='ocrx_word' id='word_1_33' title='bbox 425 821 576 890; x_wconf 68' lang='lat' dir='ltr'>sententie,</span> <span class='ocrx_word' id='word_1_34' title='bbox 599 819 745 895; x_wconf 85' lang='lat' dir='ltr'>(frequens</span> <span class='ocrx_word' id='word_1_35' title='bbox 772 820 848 878; x_wconf 86' lang='lat' dir='ltr'>enim</span> <span class='ocrx_word' id='word_1_36' title='bbox 869 824 927 877; x_wconf 86' lang='lat' dir='ltr'>te5</span> 
     </span>
     <span class='ocr_line' id='line_1_7' title="bbox 115 917 898 994; baseline -0.001 -20"><span class='ocrx_word' id='word_1_37' title='bbox 115 917 221 987; x_wconf 78' lang='lat' dir='ltr'>audiri,</span> <span class='ocrx_word' id='word_1_38' title='bbox 239 927 322 992; x_wconf 84' lang='lat' dir='ltr'>atque</span> <span class='ocrx_word' id='word_1_39' title='bbox 343 917 423 994; x_wconf 88' lang='lat' dir='ltr'>affui)</span> <span class='ocrx_word' id='word_1_40' title='bbox 445 917 535 972; x_wconf 88' lang='lat' dir='ltr'>multo</span> <span class='ocrx_word' id='word_1_41' title='bbox 556 917 688 992; x_wconf 87' lang='lat' dir='ltr'>majorem</span> <span class='ocrx_word' id='word_1_42' title='bbox 709 927 816 990; x_wconf 88' lang='lat' dir='ltr'>partem</span> <span class='ocrx_word' id='word_1_43' title='bbox 836 935 898 973; x_wconf 89' lang='lat' dir='ltr'>sen·</span> 
     </span>
     <span class='ocr_line' id='line_1_8' title="bbox 113 1012 898 1088; baseline 0.001 -20"><span class='ocrx_word' id='word_1_44' title='bbox 113 1013 266 1069; x_wconf 86' lang='lat' dir='ltr'>tentierum</span> <span class='ocrx_word' id='word_1_45' title='bbox 287 1013 346 1069; x_wconf 91' lang='lat' dir='ltr'>sale</span> <span class='ocrx_word' id='word_1_46' title='bbox 367 1022 416 1070; x_wconf 92' lang='lat' dir='ltr'>tuo</span> <span class='ocrx_word' id='word_1_47' title='bbox 430 1023 459 1068; x_wconf 91' lang='lat' dir='ltr'>et</span> <span class='ocrx_word' id='word_1_48' title='bbox 472 1013 577 1088; x_wconf 88' lang='lat' dir='ltr'>lepore,</span> <span class='ocrx_word' id='word_1_49' title='bbox 593 1022 621 1070; x_wconf 89' lang='lat' dir='ltr'>et</span> <span class='ocrx_word' id='word_1_50' title='bbox 634 1012 809 1088; x_wconf 82' lang='lat' dir='ltr'>politissimis</span> <span class='ocrx_word' id='word_1_51' title='bbox 825 1013 898 1071; x_wconf 89' lang='lat' dir='ltr'>face·</span> 
     </span>
     <span class='ocr_line' id='line_1_9' title="bbox 113 1108 896 1183; baseline 0 -17"><span class='ocrx_word' id='word_1_52' title='bbox 113 1109 173 1178; x_wconf 89' lang='lat' dir='ltr'>tiis,</span> <span class='ocrx_word' id='word_1_53' title='bbox 199 1108 349 1183; x_wconf 83' lang='lat' dir='ltr'>pellexisti,</span> <span class='ocrx_word' id='word_1_54' title='bbox 377 1128 444 1166; x_wconf 90' lang='lat' dir='ltr'>cum</span> <span class='ocrx_word' id='word_1_55' title='bbox 470 1119 499 1164; x_wconf 89' lang='lat' dir='ltr'>et</span> <span class='ocrx_word' id='word_1_56' title='bbox 526 1108 595 1166; x_wconf 90' lang='lat' dir='ltr'>illud</span> <span class='ocrx_word' id='word_1_57' title='bbox 623 1109 742 1165; x_wconf 89' lang='lat' dir='ltr'>nimium</span> <span class='ocrx_word' id='word_1_58' title='bbox 775 1127 896 1166; x_wconf 82' lang='lat' dir='ltr'>acumen</span> 
     </span>
     <span class='ocr_line' id='line_1_10' title="bbox 114 1205 896 1281; baseline 0 -19"><span class='ocrx_word' id='word_1_59' title='bbox 114 1205 259 1277; x_wconf 83' lang='lat' dir='ltr'>illuderes,</span> <span class='ocrx_word' id='word_1_60' title='bbox 280 1215 310 1262; x_wconf 89' lang='lat' dir='ltr'>et</span> <span class='ocrx_word' id='word_1_61' title='bbox 330 1205 500 1262; x_wconf 87' lang='lat' dir='ltr'>admirarere</span> <span class='ocrx_word' id='word_1_62' title='bbox 521 1205 667 1281; x_wconf 87' lang='lat' dir='ltr'>ingenium</span> <span class='ocrx_word' id='word_1_63' title='bbox 689 1205 833 1276; x_wconf 81' lang='lat' dir='ltr'>Scaerolae,</span> <span class='ocrx_word' id='word_1_64' title='bbox 849 1207 896 1280; x_wconf 81' lang='lat' dir='ltr'>qui</span> 
     </span>
     <span class='ocr_line' id='line_1_11' title="bbox 113 1300 943 1376; baseline 0.006 -20"><span class='ocrx_word' id='word_1_65' title='bbox 113 1300 314 1376; x_wconf 74' lang='lat' dir='ltr'>excogitdsset,</span> <span class='ocrx_word' id='word_1_66' title='bbox 335 1300 416 1357; x_wconf 89' lang='lat' dir='ltr'>nasci</span> <span class='ocrx_word' id='word_1_67' title='bbox 435 1301 513 1376; x_wconf 91' lang='lat' dir='ltr'>prius</span> <span class='ocrx_word' id='word_1_68' title='bbox 533 1310 664 1374; x_wconf 87' lang='lat' dir='ltr'>oportere</span> <span class='ocrx_word' id='word_1_69' title='bbox 684 1319 767 1375; x_wconf 87' lang='lat' dir='ltr'>quam</span> <span class='ocrx_word' id='word_1_70' title='bbox 789 1302 895 1371; x_wconf 86' lang='lat' dir='ltr'>emori;</span> <span class='ocrx_word' id='word_1_71' title='bbox 913 1313 943 1361; x_wconf 84' lang='lat' dir='ltr'>lt)</span> 
     </span>
     <span class='ocr_line' id='line_1_12' title="bbox 113 1397 897 1473; baseline 0.001 -19"><span class='ocrx_word' id='word_1_72' title='bbox 113 1415 238 1471; x_wconf 89' lang='lat' dir='ltr'>cumque</span> <span class='ocrx_word' id='word_1_73' title='bbox 265 1397 354 1454; x_wconf 86' lang='lat' dir='ltr'>multa</span> <span class='ocrx_word' id='word_1_74' title='bbox 380 1397 538 1473; x_wconf 77' lang='lat' dir='ltr'>colligeres,</span> <span class='ocrx_word' id='word_1_75' title='bbox 563 1406 591 1453; x_wconf 91' lang='lat' dir='ltr'>et</span> <span class='ocrx_word' id='word_1_76' title='bbox 614 1415 648 1454; x_wconf 85' lang='lat' dir='ltr'>ex</span> <span class='ocrx_word' id='word_1_77' title='bbox 675 1397 787 1473; x_wconf 84' lang='lat' dir='ltr'>legibus</span> <span class='ocrx_word' id='word_1_78' title='bbox 809 1408 897 1455; x_wconf 81' lang='lat' dir='ltr'>etex</span> 
     </span>
     <span class='ocr_line' id='line_1_13' title="bbox 113 1491 897 1564; baseline 0.001 -15"><span class='ocrx_word' id='word_1_79' title='bbox 113 1492 390 1564; x_wconf 72' lang='lat' dir='ltr'>senatuis-consultis,</span> <span class='ocrx_word' id='word_1_80' title='bbox 414 1503 500 1550; x_wconf 79' lang='lat' dir='ltr'>etex</span> <span class='ocrx_word' id='word_1_81' title='bbox 523 1491 582 1550; x_wconf 79' lang='lat' dir='ltr'>vitfr</span> <span class='ocrx_word' id='word_1_82' title='bbox 607 1511 641 1549; x_wconf 82' lang='lat' dir='ltr'>ao</span> <span class='ocrx_word' id='word_1_83' title='bbox 664 1512 794 1552; x_wconf 88' lang='lat' dir='ltr'>sermone</span> <span class='ocrx_word' id='word_1_84' title='bbox 820 1513 897 1551; x_wconf 85' lang='lat' dir='ltr'>eom·</span> 
     </span>
     <span class='ocr_line' id='line_1_14' title="bbox 113 1587 897 1659; baseline 0.001 -13"><span class='ocrx_word' id='word_1_85' title='bbox 113 1588 206 1659; x_wconf 89' lang='lat' dir='ltr'>muni,</span> <span class='ocrx_word' id='word_1_86' title='bbox 226 1607 284 1646; x_wconf 93' lang='lat' dir='ltr'>non</span> <span class='ocrx_word' id='word_1_87' title='bbox 307 1588 393 1645; x_wconf 93' lang='lat' dir='ltr'>modo</span> <span class='ocrx_word' id='word_1_88' title='bbox 418 1599 512 1659; x_wconf 82' lang='lat' dir='ltr'>acute,</span> <span class='ocrx_word' id='word_1_89' title='bbox 534 1588 584 1646; x_wconf 87' lang='lat' dir='ltr'>sed</span> <span class='ocrx_word' id='word_1_90' title='bbox 608 1587 693 1646; x_wconf 88' lang='lat' dir='ltr'>etiam</span> <span class='ocrx_word' id='word_1_91' title='bbox 718 1588 838 1646; x_wconf 89' lang='lat' dir='ltr'>ridicule</span> <span class='ocrx_word' id='word_1_92' title='bbox 863 1608 897 1647; x_wconf 87' lang='lat' dir='ltr'>ac</span> 
     </span>
     <span class='ocr_line' id='line_1_15' title="bbox 114 1685 897 1759; baseline 0 -17"><span class='ocrx_word' id='word_1_93' title='bbox 114 1685 224 1754; x_wconf 86' lang='lat' dir='ltr'>facete;</span> <span class='ocrx_word' id='word_1_94' title='bbox 245 1685 293 1744; x_wconf 89' lang='lat' dir='ltr'>ubi</span> <span class='ocrx_word' id='word_1_95' title='bbox 307 1685 332 1741; x_wconf 90' lang='lat' dir='ltr'>si</span> <span class='ocrx_word' id='word_1_96' title='bbox 345 1685 440 1755; x_wconf 86' lang='lat' dir='ltr'>verba,</span> <span class='ocrx_word' id='word_1_97' title='bbox 454 1703 512 1742; x_wconf 91' lang='lat' dir='ltr'>non</span> <span class='ocrx_word' id='word_1_98' title='bbox 534 1703 604 1755; x_wconf 90' lang='lat' dir='ltr'>rem,</span> <span class='ocrx_word' id='word_1_99' title='bbox 623 1703 815 1759; x_wconf 85' lang='lat' dir='ltr'>sequeremur,</span> <span class='ocrx_word' id='word_1_100' title='bbox 830 1703 897 1743; x_wconf 88' lang='lat' dir='ltr'>oon·</span> 
     </span>
     <span class='ocr_line' id='line_1_16' title="bbox 114 1780 943 1857; baseline 0.005 -19"><span class='ocrx_word' id='word_1_101' title='bbox 114 1781 164 1839; x_wconf 87' lang='lat' dir='ltr'>lici</span> <span class='ocrx_word' id='word_1_102' title='bbox 184 1781 224 1838; x_wconf 89' lang='lat' dir='ltr'>nil</span> <span class='ocrx_word' id='word_1_103' title='bbox 244 1794 347 1856; x_wconf 89' lang='lat' dir='ltr'>posset.</span> <span class='ocrx_word' id='word_1_104' title='bbox 389 1782 489 1856; x_wconf 87' lang='lat' dir='ltr'>Itaque</span> <span class='ocrx_word' id='word_1_105' title='bbox 508 1780 660 1838; x_wconf 87' lang='lat' dir='ltr'>hilaritatis</span> <span class='ocrx_word' id='word_1_106' title='bbox 684 1781 799 1856; x_wconf 90' lang='lat' dir='ltr'>plenum</span> <span class='ocrx_word' id='word_1_107' title='bbox 823 1781 943 1857; x_wconf 82' lang='lat' dir='ltr'>judi-15</span> 
     </span>
     <span class='ocr_line' id='line_1_17' title="bbox 114 1877 897 1953; baseline 0 -19"><span class='ocrx_word' id='word_1_108' title='bbox 114 1877 194 1934; x_wconf 89' lang='lat' dir='ltr'>cium</span> <span class='ocrx_word' id='word_1_109' title='bbox 221 1896 255 1935; x_wconf 86' lang='lat' dir='ltr'>ao</span> <span class='ocrx_word' id='word_1_110' title='bbox 281 1878 385 1934; x_wconf 79' lang='lat' dir='ltr'>laetitioe</span> <span class='ocrx_word' id='word_1_111' title='bbox 412 1878 482 1947; x_wconf 88' lang='lat' dir='ltr'>fuit;</span> <span class='ocrx_word' id='word_1_112' title='bbox 514 1877 544 1934; x_wconf 96' lang='lat' dir='ltr'>in</span> <span class='ocrx_word' id='word_1_113' title='bbox 572 1895 629 1950; x_wconf 90' lang='lat' dir='ltr'>quo</span> <span class='ocrx_word' id='word_1_114' title='bbox 655 1877 722 1952; x_wconf 90' lang='lat' dir='ltr'>quid</span> <span class='ocrx_word' id='word_1_115' title='bbox 749 1877 801 1935; x_wconf 90' lang='lat' dir='ltr'>tibi</span> <span class='ocrx_word' id='word_1_116' title='bbox 825 1877 897 1953; x_wconf 87' lang='lat' dir='ltr'>juris</span> 
     </span>
     <span class='ocr_line' id='line_1_18' title="bbox 115 1972 897 2050; baseline 0 -20"><span class='ocrx_word' id='word_1_117' title='bbox 115 1972 209 2030; x_wconf 80' lang='lat' dir='ltr'>civilis</span> <span class='ocrx_word' id='word_1_118' title='bbox 221 1973 388 2031; x_wconf 83' lang='lat' dir='ltr'>exercitatio</span> <span class='ocrx_word' id='word_1_119' title='bbox 401 1972 547 2048; x_wconf 82' lang='lat' dir='ltr'>profuerit,</span> <span class='ocrx_word' id='word_1_120' title='bbox 561 1991 619 2030; x_wconf 92' lang='lat' dir='ltr'>non</span> <span class='ocrx_word' id='word_1_121' title='bbox 635 1972 778 2050; x_wconf 81' lang='lat' dir='ltr'>intellig03</span> <span class='ocrx_word' id='word_1_122' title='bbox 800 1973 897 2030; x_wconf 91' lang='lat' dir='ltr'>dicen·</span> 
     </span>
     <span class='ocr_line' id='line_1_19' title="bbox 114 2069 897 2146; baseline 0.003 -21"><span class='ocrx_word' id='word_1_123' title='bbox 114 2069 146 2126; x_wconf 91' lang='lat' dir='ltr'>di</span> <span class='ocrx_word' id='word_1_124' title='bbox 169 2069 211 2127; x_wconf 84' lang='lat' dir='ltr'>ris</span> <span class='ocrx_word' id='word_1_125' title='bbox 233 2069 358 2146; x_wconf 86' lang='lat' dir='ltr'>egregia,</span> <span class='ocrx_word' id='word_1_126' title='bbox 382 2069 493 2126; x_wconf 71' lang='lat' dir='ltr'>summai</span> <span class='ocrx_word' id='word_1_127' title='bbox 520 2069 672 2126; x_wconf 82' lang='lat' dir='ltr'>festivitate</span> <span class='ocrx_word' id='word_1_128' title='bbox 697 2080 726 2127; x_wconf 85' lang='lat' dir='ltr'>et</span> <span class='ocrx_word' id='word_1_129' title='bbox 750 2079 897 2128; x_wconf 86' lang='lat' dir='ltr'>venustate</span> 
     </span>
     <span class='ocr_line' id='line_1_20' title="bbox 114 2164 896 2242; baseline 0.003 -20"><span class='ocrx_word' id='word_1_130' title='bbox 114 2166 279 2241; x_wconf 86' lang='lat' dir='ltr'>conjuncta,</span> <span class='ocrx_word' id='word_1_131' title='bbox 306 2165 419 2242; x_wconf 88' lang='lat' dir='ltr'>profuit.</span> <span class='ocrx_word' id='word_1_132' title='bbox 465 2164 533 2240; x_wconf 87' lang='lat' dir='ltr'>Ipse</span> <span class='ocrx_word' id='word_1_133' title='bbox 558 2165 606 2223; x_wconf 90' lang='lat' dir='ltr'>ille</span> <span class='ocrx_word' id='word_1_134' title='bbox 633 2164 759 2237; x_wconf 87' lang='lat' dir='ltr'>Mucius,</span> <span class='ocrx_word' id='word_1_135' title='bbox 785 2167 896 2241; x_wconf 87' lang='lat' dir='ltr'>paterni</span> 
     </span>
     <span class='ocr_line' id='line_1_21' title="bbox 112 2261 942 2340; baseline 0.006 -22"><span class='ocrx_word' id='word_1_136' title='bbox 112 2261 185 2339; x_wconf 87' lang='lat' dir='ltr'>juris</span> <span class='ocrx_word' id='word_1_137' title='bbox 204 2261 345 2332; x_wconf 87' lang='lat' dir='ltr'>defensor,</span> <span class='ocrx_word' id='word_1_138' title='bbox 366 2272 396 2319; x_wconf 91' lang='lat' dir='ltr'>et</span> <span class='ocrx_word' id='word_1_139' title='bbox 414 2261 495 2336; x_wconf 87' lang='lat' dir='ltr'>quasi</span> <span class='ocrx_word' id='word_1_140' title='bbox 521 2261 685 2336; x_wconf 86' lang='lat' dir='ltr'>patrimonii</span> <span class='ocrx_word' id='word_1_141' title='bbox 705 2276 896 2340; x_wconf 87' lang='lat' dir='ltr'>propugnator</span> <span class='ocrx_word' id='word_1_142' title='bbox 911 2273 942 2323; x_wconf 74' lang='lat'>2⁰</span> 
     </span>
     <span class='ocr_line' id='line_1_22' title="bbox 114 2357 896 2432; baseline 0 -18"><span class='ocrx_word' id='word_1_143' title='bbox 114 2357 170 2428; x_wconf 91' lang='lat' dir='ltr'>sui,</span> <span class='ocrx_word' id='word_1_144' title='bbox 191 2358 259 2432; x_wconf 88' lang='lat' dir='ltr'>quid</span> <span class='ocrx_word' id='word_1_145' title='bbox 279 2358 309 2414; x_wconf 90' lang='lat' dir='ltr'>iu</span> <span class='ocrx_word' id='word_1_146' title='bbox 330 2357 379 2414; x_wconf 78' lang='lat' dir='ltr'>itlt</span> <span class='ocrx_word' id='word_1_147' title='bbox 400 2358 497 2428; x_wconf 72' lang='lat' dir='ltr'>causti,</span> <span class='ocrx_word' id='word_1_148' title='bbox 518 2377 584 2414; x_wconf 93' lang='lat' dir='ltr'>cum</span> <span class='ocrx_word' id='word_1_149' title='bbox 609 2369 710 2415; x_wconf 81' lang='lat' dir='ltr'>contre</span> <span class='ocrx_word' id='word_1_150' title='bbox 729 2369 757 2414; x_wconf 92' lang='lat' dir='ltr'>te</span> <span class='ocrx_word' id='word_1_151' title='bbox 777 2359 896 2429; x_wconf 85' lang='lat' dir='ltr'>diceret,</span> 
     </span>
     <span class='ocr_line' id='line_1_23' title="bbox 115 2452 896 2529; baseline 0.003 -19"><span class='ocrx_word' id='word_1_152' title='bbox 115 2452 219 2524; x_wconf 88' lang='lat' dir='ltr'>attulit,</span> <span class='ocrx_word' id='word_1_153' title='bbox 231 2454 306 2529; x_wconf 91' lang='lat' dir='ltr'>quod</span> <span class='ocrx_word' id='word_1_154' title='bbox 317 2455 353 2510; x_wconf 92' lang='lat' dir='ltr'>de</span> <span class='ocrx_word' id='word_1_155' title='bbox 364 2454 427 2529; x_wconf 85' lang='lat' dir='ltr'>jure</span> <span class='ocrx_word' id='word_1_156' title='bbox 439 2452 515 2510; x_wconf 88' lang='lat' dir='ltr'>civili</span> <span class='ocrx_word' id='word_1_157' title='bbox 527 2454 723 2528; x_wconf 91' lang='lat' dir='ltr'>depromptum</span> <span class='ocrx_word' id='word_1_158' title='bbox 735 2455 896 2513; x_wconf 86' lang='lat' dir='ltr'>videreturl</span> 
     </span>
     <span class='ocr_line' id='line_1_24' title="bbox 115 2549 894 2626; baseline 0.003 -20"><span class='ocrx_word' id='word_1_159' title='bbox 115 2569 201 2624; x_wconf 90' lang='lat' dir='ltr'>quam</span> <span class='ocrx_word' id='word_1_160' title='bbox 221 2550 321 2626; x_wconf 87' lang='lat' dir='ltr'>legem·</span> <span class='ocrx_word' id='word_1_161' title='bbox 335 2549 482 2606; x_wconf 85' lang='lat' dir='ltr'>recitaritl</span> <span class='ocrx_word' id='word_1_162' title='bbox 510 2549 578 2623; x_wconf 89' lang='lat' dir='ltr'>quid</span> <span class='ocrx_word' id='word_1_163' title='bbox 601 2549 736 2624; x_wconf 80' lang='lat' dir='ltr'>patefecit</span> <span class='ocrx_word' id='word_1_164' title='bbox 763 2549 894 2622; x_wconf 86' lang='lat' dir='ltr'>dicendo,</span> 
     </span>
     <span class='ocr_line' id='line_1_25' title="bbox 82 2645 896 2723; baseline 0.004 -20"><span class='ocrx_word' id='word_1_165' title='bbox 82 2683 86 2694; x_wconf 86' lang='lat'>.</span> <span class='ocrx_word' id='word_1_166' title='bbox 115 2646 190 2720; x_wconf 89' lang='lat' dir='ltr'>quod</span> <span class='ocrx_word' id='word_1_167' title='bbox 217 2646 315 2703; x_wconf 87' lang='lat' dir='ltr'>suisset</span> <span class='ocrx_word' id='word_1_168' title='bbox 342 2646 480 2721; x_wconf 87' lang='lat' dir='ltr'>imperitis</span> <span class='ocrx_word' id='word_1_169' title='bbox 506 2645 668 2703; x_wconf 87' lang='lat' dir='ltr'>occultinsl</span> <span class='ocrx_word' id='word_1_170' title='bbox 701 2665 803 2721; x_wconf 90' lang='lat' dir='ltr'>nempe</span> <span class='ocrx_word' id='word_1_171' title='bbox 835 2647 896 2723; x_wconf 83' lang='lat' dir='ltr'>ejus</span> 
     </span>
     <span class='ocr_line' id='line_1_26' title="bbox 115 2741 942 2819; baseline 0.001 -20"><span class='ocrx_word' id='word_1_172' title='bbox 115 2741 210 2799; x_wconf 89' lang='lat' dir='ltr'>omnis</span> <span class='ocrx_word' id='word_1_173' title='bbox 242 2743 333 2800; x_wconf 89' lang='lat' dir='ltr'>oratio</span> <span class='ocrx_word' id='word_1_174' title='bbox 366 2752 477 2799; x_wconf 79' lang='lat' dir='ltr'>versata</span> <span class='ocrx_word' id='word_1_175' title='bbox 503 2752 547 2799; x_wconf 89' lang='lat' dir='ltr'>est</span> <span class='ocrx_word' id='word_1_176' title='bbox 573 2741 602 2799; x_wconf 91' lang='lat' dir='ltr'>in</span> <span class='ocrx_word' id='word_1_177' title='bbox 630 2760 674 2812; x_wconf 89' lang='lat' dir='ltr'>eo,</span> <span class='ocrx_word' id='word_1_178' title='bbox 702 2752 734 2799; x_wconf 94' lang='lat' dir='ltr'>ut</span> <span class='ocrx_word' id='word_1_179' title='bbox 760 2743 896 2819; x_wconf 86' lang='lat' dir='ltr'>scripturn</span> <span class='ocrx_word' id='word_1_180' title='bbox 911 2760 942 2807; x_wconf 56' lang='grc' dir='ltr'>ᾖ</span> 
     </span>
     <span class='ocr_line' id='line_1_27' title="bbox 115 2837 896 2914; baseline 0.003 -20"><span class='ocrx_word' id='word_1_181' title='bbox 115 2839 269 2914; x_wconf 88' lang='lat' dir='ltr'>plurimum</span> <span class='ocrx_word' id='word_1_182' title='bbox 295 2839 389 2896; x_wconf 83' lang='lat' dir='ltr'>valere</span> <span class='ocrx_word' id='word_1_183' title='bbox 415 2849 546 2914; x_wconf 90' lang='lat' dir='ltr'>oportere</span> <span class='ocrx_word' id='word_1_184' title='bbox 574 2837 746 2895; x_wconf 88' lang='lat' dir='ltr'>defenderet.</span> <span class='ocrx_word' id='word_1_185' title='bbox 798 2839 839 2896; x_wconf 86' lang='lat' dir='ltr'>At</span> <span class='ocrx_word' id='word_1_186' title='bbox 866 2839 896 2896; x_wconf 93' lang='lat' dir='ltr'>in</span> 
     </span>
     <span class='ocr_line' id='line_1_28' title="bbox 113 2933 896 3011; baseline -0.003 -19"><span class='ocrx_word' id='word_1_187' title='bbox 113 2935 170 2992; x_wconf 83' lang='lat' dir='ltr'>hoc</span> <span class='ocrx_word' id='word_1_188' title='bbox 196 2953 301 3011; x_wconf 82' lang='lat' dir='ltr'>genere</span> <span class='ocrx_word' id='word_1_189' title='bbox 327 2935 409 3011; x_wconf 92' lang='lat' dir='ltr'>pueri</span> <span class='ocrx_word' id='word_1_190' title='bbox 437 2935 511 3010; x_wconf 89' lang='lat' dir='ltr'>apud</span> <span class='ocrx_word' id='word_1_191' title='bbox 545 2933 695 3008; x_wconf 79' lang='lat' dir='ltr'>magistros</span> <span class='ocrx_word' id='word_1_192' title='bbox 727 2945 896 2991; x_wconf 86' lang='lat' dir='ltr'>exercentur</span> 
     </span>
    </p>
   </div>
   <div class='ocr_carea' id='block_1_3' title="bbox 28 3029 894 3107">
    <p class='ocr_par' dir='ltr' id='par_1_3' title="bbox 28 3029 894 3107">
     <span class='ocr_line' id='line_1_29' title="bbox 28 3029 894 3107; baseline -0.007 -18"><span class='ocrx_word' id='word_1_193' title='bbox 28 3052 32 3061; x_wconf 93' lang='lat'>·</span> <span class='ocrx_word' id='word_1_194' title='bbox 113 3047 225 3103; x_wconf 87' lang='lat' dir='ltr'>omnes,</span> <span class='ocrx_word' id='word_1_195' title='bbox 246 3049 313 3088; x_wconf 89' lang='lat' dir='ltr'>curn</span> <span class='ocrx_word' id='word_1_196' title='bbox 333 3031 364 3088; x_wconf 93' lang='lat' dir='ltr'>in</span> <span class='ocrx_word' id='word_1_197' title='bbox 383 3031 523 3107; x_wconf 89' lang='lat' dir='ltr'>ejusmodi</span> <span class='ocrx_word' id='word_1_198' title='bbox 544 3029 639 3088; x_wconf 82' lang='lat' dir='ltr'>causis</span> <span class='ocrx_word' id='word_1_199' title='bbox 659 3029 728 3086; x_wconf 88' lang='lat' dir='ltr'>alias</span> <span class='ocrx_word' id='word_1_200' title='bbox 748 3029 894 3104; x_wconf 84' lang='lat' dir='ltr'>scriptum,</span> 
     </span>
    </p>
   </div>
   <div class='ocr_carea' id='block_1_4' title="bbox 0 0 1062 3417">
    <p class='ocr_par' dir='ltr' id='par_1_4' title="bbox 0 0 1062 3417">
     <span class='ocr_line' id='line_1_30' title="bbox 0 0 1062 3417; baseline 0 0"><span class='ocrx_word' id='word_1_201' title='bbox 0 0 1062 3417; x_wconf 95' lang='lat' dir='ltr'> </span> 
     </span>
    </p>
   </div>
  </div>
 </body>
</html>
