<?xml version="1.0" encoding="UTF-8"?>
<!DOCTYPE html PUBLIC "-//W3C//DTD XHTML 1.0 Transitional//EN"
    "http://www.w3.org/TR/xhtml1/DTD/xhtml1-transitional.dtd">
<html xmlns="http://www.w3.org/1999/xhtml" xml:lang="en" lang="en">
 <head>
  <title>
</title>
<meta http-equiv="Content-Type" content="text/html;charset=utf-8" />
  <meta name='ocr-system' content='tesseract 3.04.00' />
  <meta name='ocr-capabilities' content='ocr_page ocr_carea ocr_par ocr_line ocrx_word'/>
</head>
<body>
  <div class='ocr_page' id='page_1' title='image "./mtciceronisadqu00dillgoog_0036.png"; bbox 0 0 2109 3417; ppageno 0'>
   <div class='ocr_carea' id='block_1_1' title="bbox 108 258 936 329">
    <p class='ocr_par' dir='ltr' id='par_1_1' title="bbox 108 258 936 329">
     <span class='ocr_line' id='line_1_1' title="bbox 108 258 936 329; baseline -0.002 -12"><span class='ocrx_word' id='word_1_1' title='bbox 108 258 149 317; x_wconf 79' lang='lat'>28</span> <span class='ocrx_word' id='word_1_2' title='bbox 412 268 474 315; x_wconf 82' lang='lat' dir='ltr'>-ou</span> <span class='ocrx_word' id='word_1_3' title='bbox 497 268 660 315; x_wconf 69' lang='lat' dir='ltr'>oniscon.</span> <span class='ocrx_word' id='word_1_4' title='bbox 869 267 907 329; x_wconf 75' lang='grc' dir='ltr'>[ι.</span> <span class='ocrx_word' id='word_1_5' title='bbox 917 270 936 316; x_wconf 89' lang='lat'>1.</span> 
     </span>
    </p>
   </div>
   <div class='ocr_carea' id='block_1_2' title="bbox 89 415 938 2993">
    <p class='ocr_par' dir='ltr' id='par_1_2' title="bbox 156 415 938 779">
     <span class='ocr_line' id='line_1_2' title="bbox 156 415 938 493; baseline 0.005 -22"><span class='ocrx_word' id='word_1_6' title='bbox 156 415 283 488; x_wconf 83' lang='lat' dir='ltr'>nomine,</span> <span class='ocrx_word' id='word_1_7' title='bbox 304 416 356 473; x_wconf 87' lang='lat' dir='ltr'>hos</span> <span class='ocrx_word' id='word_1_8' title='bbox 376 417 536 474; x_wconf 89' lang='lat' dir='ltr'>rhetoricos</span> <span class='ocrx_word' id='word_1_9' title='bbox 556 427 585 474; x_wconf 91' lang='lat' dir='ltr'>et</span> <span class='ocrx_word' id='word_1_10' title='bbox 605 415 774 488; x_wconf 88' lang='lat' dir='ltr'>inscribunt,</span> <span class='ocrx_word' id='word_1_11' title='bbox 794 427 824 474; x_wconf 91' lang='lat' dir='ltr'>et</span> <span class='ocrx_word' id='word_1_12' title='bbox 844 417 938 493; x_wconf 76' lang='lat' dir='ltr'>appel·</span> 
     </span>
     <span class='ocr_line' id='line_1_3' title="bbox 156 511 937 571; baseline 0.003 -4"><span class='ocrx_word' id='word_1_13' title='bbox 156 511 225 569; x_wconf 83' lang='lat' dir='ltr'>lant.</span> <span class='ocrx_word' id='word_1_14' title='bbox 266 512 381 570; x_wconf 84' lang='lat' dir='ltr'>Etenim</span> <span class='ocrx_word' id='word_1_15' title='bbox 395 532 461 570; x_wconf 91' lang='lat' dir='ltr'>cum</span> <span class='ocrx_word' id='word_1_16' title='bbox 475 514 516 570; x_wconf 92' lang='lat' dir='ltr'>illi</span> <span class='ocrx_word' id='word_1_17' title='bbox 531 514 560 571; x_wconf 92' lang='lat' dir='ltr'>in</span> <span class='ocrx_word' id='word_1_18' title='bbox 575 512 699 569; x_wconf 90' lang='lat' dir='ltr'>dicendo</span> <span class='ocrx_word' id='word_1_19' title='bbox 713 512 867 570; x_wconf 80' lang='lat' dir='ltr'>inciderint</span> <span class='ocrx_word' id='word_1_20' title='bbox 879 513 937 571; x_wconf 91' lang='lat' dir='ltr'>loci</span> 
     </span>
     <span class='ocr_line' id='line_1_4' title="bbox 158 606 935 688; baseline 0.001 -23"><span class='ocrx_word' id='word_1_21' title='bbox 158 606 248 683; x_wconf 91' lang='lat' dir='ltr'>(quod</span> <span class='ocrx_word' id='word_1_22' title='bbox 269 628 392 684; x_wconf 85' lang='lat' dir='ltr'>persaepe</span> <span class='ocrx_word' id='word_1_23' title='bbox 412 609 520 688; x_wconf 89' lang='lat' dir='ltr'>evenit)</span> <span class='ocrx_word' id='word_1_24' title='bbox 536 619 567 666; x_wconf 90' lang='lat' dir='ltr'>ut</span> <span class='ocrx_word' id='word_1_25' title='bbox 581 609 617 665; x_wconf 86' lang='lat' dir='ltr'>de</span> <span class='ocrx_word' id='word_1_26' title='bbox 634 608 699 666; x_wconf 92' lang='lat' dir='ltr'>Diis</span> <span class='ocrx_word' id='word_1_27' title='bbox 719 608 935 682; x_wconf 80' lang='lat' dir='ltr'>immortalibus,</span> 
     </span>
     <span class='ocr_line' id='line_1_5' title="bbox 156 703 937 779; baseline 0 -18"><span class='ocrx_word' id='word_1_28' title='bbox 156 704 192 761; x_wconf 89' lang='lat' dir='ltr'>de</span> <span class='ocrx_word' id='word_1_29' title='bbox 212 704 327 779; x_wconf 83' lang='lat' dir='ltr'>pietate,</span> <span class='ocrx_word' id='word_1_30' title='bbox 349 706 384 761; x_wconf 88' lang='lat' dir='ltr'>de</span> <span class='ocrx_word' id='word_1_31' title='bbox 405 705 567 776; x_wconf 68' lang='lat' dir='ltr'>concordii,</span> <span class='ocrx_word' id='word_1_32' title='bbox 589 705 625 762; x_wconf 89' lang='lat' dir='ltr'>de</span> <span class='ocrx_word' id='word_1_33' title='bbox 645 703 781 777; x_wconf 59' lang='lat' dir='ltr'>amicitiis,</span> <span class='ocrx_word' id='word_1_34' title='bbox 803 705 839 761; x_wconf 88' lang='lat' dir='ltr'>de</span> <span class='ocrx_word' id='word_1_35' title='bbox 859 724 937 763; x_wconf 90' lang='lat' dir='ltr'>com-</span> 
     </span>
    </p>

    <p class='ocr_par' dir='ltr' id='par_1_3' title="bbox 123 801 935 1070">
     <span class='ocr_line' id='line_1_6' title="bbox 123 801 935 878; baseline 0 -19"><span class='ocrx_word' id='word_1_36' title='bbox 123 810 139 859; x_wconf 86' lang='lat'>5</span> <span class='ocrx_word' id='word_1_37' title='bbox 156 801 235 858; x_wconf 90' lang='lat' dir='ltr'>muni</span> <span class='ocrx_word' id='word_1_38' title='bbox 255 802 370 872; x_wconf 87' lang='lat' dir='ltr'>civium,</span> <span class='ocrx_word' id='word_1_39' title='bbox 385 802 420 857; x_wconf 90' lang='lat' dir='ltr'>de</span> <span class='ocrx_word' id='word_1_40' title='bbox 441 801 599 872; x_wconf 87' lang='lat' dir='ltr'>hominum,</span> <span class='ocrx_word' id='word_1_41' title='bbox 614 801 650 857; x_wconf 90' lang='lat' dir='ltr'>de</span> <span class='ocrx_word' id='word_1_42' title='bbox 665 801 793 878; x_wconf 89' lang='lat' dir='ltr'>gentium</span> <span class='ocrx_word' id='word_1_43' title='bbox 811 802 884 876; x_wconf 88' lang='lat' dir='ltr'>jure,</span> <span class='ocrx_word' id='word_1_44' title='bbox 899 801 935 859; x_wconf 91' lang='lat' dir='ltr'>de</span> 
     </span>
     <span class='ocr_line' id='line_1_7' title="bbox 156 896 933 973; baseline -0.003 -18"><span class='ocrx_word' id='word_1_45' title='bbox 156 897 296 973; x_wconf 83' lang='lat' dir='ltr'>aequitate,</span> <span class='ocrx_word' id='word_1_46' title='bbox 312 896 347 953; x_wconf 89' lang='lat' dir='ltr'>de</span> <span class='ocrx_word' id='word_1_47' title='bbox 361 897 558 972; x_wconf 57' lang='lat' dir='ltr'>temperantis,</span> <span class='ocrx_word' id='word_1_48' title='bbox 574 896 609 953; x_wconf 93' lang='lat' dir='ltr'>de</span> <span class='ocrx_word' id='word_1_49' title='bbox 624 896 822 973; x_wconf 79' lang='lat' dir='ltr'>magnitudine</span> <span class='ocrx_word' id='word_1_50' title='bbox 836 897 933 969; x_wconf 80' lang='lat' dir='ltr'>animi,</span> 
     </span>
     <span class='ocr_line' id='line_1_8' title="bbox 156 993 933 1070; baseline -0.001 -19"><span class='ocrx_word' id='word_1_51' title='bbox 156 995 191 1051; x_wconf 89' lang='lat' dir='ltr'>de</span> <span class='ocrx_word' id='word_1_52' title='bbox 205 994 284 1051; x_wconf 92' lang='lat' dir='ltr'>omni</span> <span class='ocrx_word' id='word_1_53' title='bbox 298 994 407 1051; x_wconf 86' lang='lat' dir='ltr'>virtutis</span> <span class='ocrx_word' id='word_1_54' title='bbox 421 1012 526 1070; x_wconf 83' lang='lat' dir='ltr'>genere</span> <span class='ocrx_word' id='word_1_55' title='bbox 537 993 574 1050; x_wconf 92' lang='lat' dir='ltr'>sit</span> <span class='ocrx_word' id='word_1_56' title='bbox 584 993 748 1065; x_wconf 88' lang='lat' dir='ltr'>dicendum,</span> <span class='ocrx_word' id='word_1_57' title='bbox 760 994 933 1066; x_wconf 81' lang='lat' dir='ltr'>clamabunt,</span> 
     </span>
    </p>

    <p class='ocr_par' dir='ltr' id='par_1_4' title="bbox 95 1089 934 1743">
     <span class='ocr_line' id='line_1_9' title="bbox 95 1089 934 1166; baseline 0.004 -23"><span class='ocrx_word' id='word_1_58' title='bbox 95 1138 96 1143; x_wconf 73' lang='grc'>,</span> <span class='ocrx_word' id='word_1_59' title='bbox 155 1090 252 1161; x_wconf 89' lang='lat' dir='ltr'>cred0,</span> <span class='ocrx_word' id='word_1_60' title='bbox 273 1090 370 1147; x_wconf 87' lang='lat' dir='ltr'>omnia</span> <span class='ocrx_word' id='word_1_61' title='bbox 397 1090 658 1166; x_wconf 59' lang='lat' dir='ltr'>gymnasiumque</span> <span class='ocrx_word' id='word_1_62' title='bbox 685 1108 784 1147; x_wconf 86' lang='lat' dir='ltr'>omnes</span> <span class='ocrx_word' id='word_1_63' title='bbox 810 1089 934 1165; x_wconf 88' lang='lat' dir='ltr'>philoso-</span> 
     </span>
     <span class='ocr_line' id='line_1_10' title="bbox 154 1186 931 1262; baseline 0.003 -21"><span class='ocrx_word' id='word_1_64' title='bbox 154 1186 275 1262; x_wconf 94' lang='lat' dir='ltr'>phorum</span> <span class='ocrx_word' id='word_1_65' title='bbox 290 1186 418 1257; x_wconf 85' lang='lat' dir='ltr'>-scholae,</span> <span class='ocrx_word' id='word_1_66' title='bbox 439 1205 491 1243; x_wconf 83' lang='lat' dir='ltr'>sua</span> <span class='ocrx_word' id='word_1_67' title='bbox 511 1186 573 1242; x_wconf 81' lang='lat' dir='ltr'>haec</span> <span class='ocrx_word' id='word_1_68' title='bbox 592 1200 655 1242; x_wconf 89' lang='lat' dir='ltr'>esse</span> <span class='ocrx_word' id='word_1_69' title='bbox 681 1187 777 1243; x_wconf 82' lang='lat' dir='ltr'>omnia</span> <span class='ocrx_word' id='word_1_70' title='bbox 801 1186 931 1261; x_wconf 85' lang='lat' dir='ltr'>propria;</span> 
     </span>
     <span class='ocr_line' id='line_1_11' title="bbox 108 1282 933 1357; baseline -0.002 -16"><span class='ocrx_word' id='word_1_71' title='bbox 108 1293 139 1341; x_wconf 87' lang='lat'>10</span> <span class='ocrx_word' id='word_1_72' title='bbox 154 1283 225 1340; x_wconf 89' lang='lat' dir='ltr'>nihil</span> <span class='ocrx_word' id='word_1_73' title='bbox 246 1283 364 1340; x_wconf 91' lang='lat' dir='ltr'>omnino</span> <span class='ocrx_word' id='word_1_74' title='bbox 386 1282 420 1339; x_wconf 82' lang='lat' dir='ltr'>ad</span> <span class='ocrx_word' id='word_1_75' title='bbox 446 1292 587 1340; x_wconf 84' lang='lat' dir='ltr'>oratorem</span> <span class='ocrx_word' id='word_1_76' title='bbox 614 1282 764 1357; x_wconf 87' lang='lat' dir='ltr'>pertinere.</span> <span class='ocrx_word' id='word_1_77' title='bbox 816 1282 933 1343; x_wconf 79' lang='lat' dir='ltr'>Quibus</span> 
     </span>
     <span class='ocr_line' id='line_1_12' title="bbox 154 1378 934 1455; baseline 0 -20"><span class='ocrx_word' id='word_1_78' title='bbox 154 1397 218 1455; x_wconf 88' lang='lat' dir='ltr'>ego,</span> <span class='ocrx_word' id='word_1_79' title='bbox 240 1389 271 1436; x_wconf 90' lang='lat' dir='ltr'>ut</span> <span class='ocrx_word' id='word_1_80' title='bbox 291 1380 326 1435; x_wconf 95' lang='lat' dir='ltr'>de</span> <span class='ocrx_word' id='word_1_81' title='bbox 347 1378 391 1434; x_wconf 88' lang='lat' dir='ltr'>his</span> <span class='ocrx_word' id='word_1_82' title='bbox 412 1378 497 1435; x_wconf 90' lang='lat' dir='ltr'>rebus</span> <span class='ocrx_word' id='word_1_83' title='bbox 519 1378 652 1435; x_wconf 88' lang='lat' dir='ltr'>omnibus</span> <span class='ocrx_word' id='word_1_84' title='bbox 673 1378 702 1434; x_wconf 93' lang='lat' dir='ltr'>in</span> <span class='ocrx_word' id='word_1_85' title='bbox 725 1378 845 1455; x_wconf 83' lang='lat' dir='ltr'>angulis,</span> <span class='ocrx_word' id='word_1_86' title='bbox 866 1396 934 1435; x_wconf 91' lang='lat' dir='ltr'>con·</span> 
     </span>
     <span class='ocr_line' id='line_1_13' title="bbox 154 1474 932 1546; baseline 0 -14"><span class='ocrx_word' id='word_1_87' title='bbox 154 1476 283 1533; x_wconf 85' lang='lat' dir='ltr'>sumendi</span> <span class='ocrx_word' id='word_1_88' title='bbox 304 1475 355 1533; x_wconf 92' lang='lat' dir='ltr'>otii</span> <span class='ocrx_word' id='word_1_89' title='bbox 376 1475 472 1546; x_wconf 65' lang='lat' dir='ltr'>causi,</span> <span class='ocrx_word' id='word_1_90' title='bbox 494 1474 643 1546; x_wconf 82' lang='lat' dir='ltr'>disserant,</span> <span class='ocrx_word' id='word_1_91' title='bbox 666 1493 732 1531; x_wconf 89' lang='lat' dir='ltr'>curu</span> <span class='ocrx_word' id='word_1_92' title='bbox 754 1492 932 1545; x_wconf 86' lang='lat' dir='ltr'>concessero,</span> 
     </span>
     <span class='ocr_line' id='line_1_14' title="bbox 154 1569 932 1641; baseline -0.004 -14"><span class='ocrx_word' id='word_1_93' title='bbox 154 1570 224 1627; x_wconf 92' lang='lat' dir='ltr'>illud</span> <span class='ocrx_word' id='word_1_94' title='bbox 244 1580 339 1627; x_wconf 84' lang='lat' dir='ltr'>tamen</span> <span class='ocrx_word' id='word_1_95' title='bbox 359 1570 464 1628; x_wconf 82' lang='lat' dir='ltr'>oratori</span> <span class='ocrx_word' id='word_1_96' title='bbox 485 1569 608 1627; x_wconf 85' lang='lat' dir='ltr'>tribuam</span> <span class='ocrx_word' id='word_1_97' title='bbox 628 1579 658 1626; x_wconf 90' lang='lat' dir='ltr'>et</span> <span class='ocrx_word' id='word_1_98' title='bbox 677 1570 762 1641; x_wconf 83' lang='lat' dir='ltr'>dabo,</span> <span class='ocrx_word' id='word_1_99' title='bbox 777 1579 809 1625; x_wconf 89' lang='lat' dir='ltr'>ut</span> <span class='ocrx_word' id='word_1_100' title='bbox 821 1569 932 1640; x_wconf 85' lang='lat' dir='ltr'>eadem,</span> 
     </span>
     <span class='ocr_line' id='line_1_15' title="bbox 154 1666 933 1743; baseline -0.004 -20"><span class='ocrx_word' id='word_1_101' title='bbox 154 1667 189 1723; x_wconf 91' lang='lat' dir='ltr'>de</span> <span class='ocrx_word' id='word_1_102' title='bbox 204 1667 306 1742; x_wconf 88' lang='lat' dir='ltr'>quibus</span> <span class='ocrx_word' id='word_1_103' title='bbox 320 1667 360 1725; x_wconf 91' lang='lat' dir='ltr'>illi</span> <span class='ocrx_word' id='word_1_104' title='bbox 374 1666 453 1723; x_wconf 90' lang='lat' dir='ltr'>tenui</span> <span class='ocrx_word' id='word_1_105' title='bbox 474 1667 594 1741; x_wconf 82' lang='lat' dir='ltr'>quodam</span> <span class='ocrx_word' id='word_1_106' title='bbox 615 1666 807 1743; x_wconf 84' lang='lat' dir='ltr'>exsanguique</span> <span class='ocrx_word' id='word_1_107' title='bbox 827 1682 933 1721; x_wconf 89' lang='lat' dir='ltr'>sermo·</span> 
     </span>
    </p>

    <p class='ocr_par' dir='ltr' id='par_1_5' title="bbox 106 1762 934 2512">
     <span class='ocr_line' id='line_1_16' title="bbox 108 1762 934 1839; baseline -0.01 -13"><span class='ocrx_word' id='word_1_108' title='bbox 108 1778 139 1827; x_wconf 86' lang='lat'>15</span> <span class='ocrx_word' id='word_1_109' title='bbox 153 1784 190 1821; x_wconf 91' lang='lat' dir='ltr'>ne</span> <span class='ocrx_word' id='word_1_110' title='bbox 210 1764 364 1839; x_wconf 85' lang='lat' dir='ltr'>disputant,</span> <span class='ocrx_word' id='word_1_111' title='bbox 380 1763 427 1821; x_wconf 90' lang='lat' dir='ltr'>hic</span> <span class='ocrx_word' id='word_1_112' title='bbox 448 1782 513 1820; x_wconf 90' lang='lat' dir='ltr'>cum</span> <span class='ocrx_word' id='word_1_113' title='bbox 532 1762 611 1820; x_wconf 91' lang='lat' dir='ltr'>omni</span> <span class='ocrx_word' id='word_1_114' title='bbox 630 1763 766 1839; x_wconf 83' lang='lat' dir='ltr'>gravitate</span> <span class='ocrx_word' id='word_1_115' title='bbox 787 1772 815 1818; x_wconf 90' lang='lat' dir='ltr'>et</span> <span class='ocrx_word' id='word_1_116' title='bbox 831 1762 934 1839; x_wconf 87' lang='lat' dir='ltr'>jucun·</span> 
     </span>
     <span class='ocr_line' id='line_1_17' title="bbox 155 1858 933 1937; baseline -0.003 -20"><span class='ocrx_word' id='word_1_117' title='bbox 155 1862 243 1919; x_wconf 90' lang='lat' dir='ltr'>ditate</span> <span class='ocrx_word' id='word_1_118' title='bbox 263 1861 392 1937; x_wconf 84' lang='lat' dir='ltr'>explicet.</span> <span class='ocrx_word' id='word_1_119' title='bbox 435 1860 507 1917; x_wconf 88' lang='lat' dir='ltr'>Haec</span> <span class='ocrx_word' id='word_1_120' title='bbox 521 1878 575 1936; x_wconf 86' lang='lat' dir='ltr'>ego</span> <span class='ocrx_word' id='word_1_121' title='bbox 593 1877 658 1916; x_wconf 91' lang='lat' dir='ltr'>cum</span> <span class='ocrx_word' id='word_1_122' title='bbox 673 1858 740 1933; x_wconf 88' lang='lat' dir='ltr'>ipsis</span> <span class='ocrx_word' id='word_1_123' title='bbox 757 1858 933 1933; x_wconf 90' lang='lat' dir='ltr'>philosophis</span> 
     </span>
     <span class='ocr_line' id='line_1_18' title="bbox 154 1954 932 2029; baseline -0.006 -15"><span class='ocrx_word' id='word_1_124' title='bbox 154 1967 214 2014; x_wconf 88' lang='lat' dir='ltr'>tum</span> <span class='ocrx_word' id='word_1_125' title='bbox 242 1957 365 2013; x_wconf 88' lang='lat' dir='ltr'>Athenis</span> <span class='ocrx_word' id='word_1_126' title='bbox 391 1955 573 2012; x_wconf 82' lang='lat' dir='ltr'>disserebam.</span> <span class='ocrx_word' id='word_1_127' title='bbox 627 1954 757 2029; x_wconf 72' lang='lat' dir='ltr'>(lugebat</span> <span class='ocrx_word' id='word_1_128' title='bbox 783 1954 859 2010; x_wconf 91' lang='lat' dir='ltr'>enim</span> <span class='ocrx_word' id='word_1_129' title='bbox 886 1972 932 2010; x_wconf 90' lang='lat' dir='ltr'>me</span> 
     </span>
     <span class='ocr_line' id='line_1_19' title="bbox 154 2047 933 2123; baseline -0.005 -14"><span class='ocrx_word' id='word_1_130' title='bbox 154 2052 195 2109; x_wconf 90' lang='lat' dir='ltr'>M.</span> <span class='ocrx_word' id='word_1_131' title='bbox 211 2051 366 2109; x_wconf 86' lang='lat' dir='ltr'>Marcellus</span> <span class='ocrx_word' id='word_1_132' title='bbox 380 2051 427 2108; x_wconf 93' lang='lat' dir='ltr'>hic</span> <span class='ocrx_word' id='word_1_133' title='bbox 441 2061 547 2120; x_wconf 87' lang='lat' dir='ltr'>noster,</span> <span class='ocrx_word' id='word_1_134' title='bbox 563 2048 611 2123; x_wconf 91' lang='lat' dir='ltr'>qui</span> <span class='ocrx_word' id='word_1_135' title='bbox 631 2067 709 2105; x_wconf 89' lang='lat' dir='ltr'>nunc</span> <span class='ocrx_word' id='word_1_136' title='bbox 723 2047 812 2105; x_wconf 80' lang='lat' dir='ltr'>edilis</span> <span class='ocrx_word' id='word_1_137' title='bbox 826 2049 933 2106; x_wconf 88' lang='lat' dir='ltr'>curulis</span> 
     </span>
     <span class='ocr_line' id='line_1_20' title="bbox 154 2144 932 2222; baseline -0.004 -17"><span class='ocrx_word' id='word_1_138' title='bbox 154 2158 206 2220; x_wconf 88' lang='lat' dir='ltr'>est,</span> <span class='ocrx_word' id='word_1_139' title='bbox 228 2158 256 2203; x_wconf 90' lang='lat' dir='ltr'>et</span> <span class='ocrx_word' id='word_1_140' title='bbox 274 2147 413 2222; x_wconf 87' lang='lat' dir='ltr'>profecto,</span> <span class='ocrx_word' id='word_1_141' title='bbox 434 2146 489 2202; x_wconf 88' lang='lat' dir='ltr'>nisi</span> <span class='ocrx_word' id='word_1_142' title='bbox 516 2144 600 2201; x_wconf 88' lang='lat' dir='ltr'>ludos</span> <span class='ocrx_word' id='word_1_143' title='bbox 625 2162 703 2200; x_wconf 92' lang='lat' dir='ltr'>nuuc</span> <span class='ocrx_word' id='word_1_144' title='bbox 726 2144 842 2215; x_wconf 81' lang='lat' dir='ltr'>faceret,</span> <span class='ocrx_word' id='word_1_145' title='bbox 863 2145 932 2202; x_wconf 91' lang='lat' dir='ltr'>huic</span> 
     </span>
     <span class='ocr_line' id='line_1_21' title="bbox 106 2237 933 2315; baseline -0.005 -13"><span class='ocrx_word' id='word_1_146' title='bbox 106 2237 252 2311; x_wconf 60' lang='lat' dir='ltr'>minostro</span> <span class='ocrx_word' id='word_1_147' title='bbox 278 2242 403 2299; x_wconf 89' lang='lat' dir='ltr'>sermoni</span> <span class='ocrx_word' id='word_1_148' title='bbox 430 2240 579 2297; x_wconf 84' lang='lat' dir='ltr'>interesset</span> <span class='ocrx_word' id='word_1_149' title='bbox 587 2260 594 2310; x_wconf 93' lang='lat'>;</span> <span class='ocrx_word' id='word_1_150' title='bbox 630 2258 663 2297; x_wconf 85' lang='lat' dir='ltr'>ac</span> <span class='ocrx_word' id='word_1_151' title='bbox 693 2240 751 2315; x_wconf 83' lang='lat' dir='ltr'>jam</span> <span class='ocrx_word' id='word_1_152' title='bbox 784 2250 844 2296; x_wconf 90' lang='lat' dir='ltr'>tum</span> <span class='ocrx_word' id='word_1_153' title='bbox 871 2251 933 2298; x_wconf 81' lang='lat' dir='ltr'>erut</span> 
     </span>
     <span class='ocr_line' id='line_1_22' title="bbox 156 2336 932 2399; baseline -0.008 0"><span class='ocrx_word' id='word_1_154' title='bbox 156 2338 385 2399; x_wconf 82' lang='lat' dir='ltr'>adolescentulus</span> <span class='ocrx_word' id='word_1_155' title='bbox 398 2336 443 2393; x_wconf 86' lang='lat' dir='ltr'>his</span> <span class='ocrx_word' id='word_1_156' title='bbox 456 2336 559 2393; x_wconf 89' lang='lat' dir='ltr'>studiis</span> <span class='ocrx_word' id='word_1_157' title='bbox 572 2336 691 2394; x_wconf 88' lang='lat' dir='ltr'>mirifice</span> <span class='ocrx_word' id='word_1_158' title='bbox 705 2336 825 2393; x_wconf 89' lang='lat' dir='ltr'>deditus.</span> <span class='ocrx_word' id='word_1_159' title='bbox 866 2336 884 2393; x_wconf 87' lang='lat' dir='ltr'>J</span> <span class='ocrx_word' id='word_1_160' title='bbox 887 2356 932 2393; x_wconf 83' lang='lat' dir='ltr'>am</span> 
     </span>
     <span class='ocr_line' id='line_1_23' title="bbox 154 2431 931 2512; baseline -0.005 -18"><span class='ocrx_word' id='word_1_161' title='bbox 154 2456 221 2494; x_wconf 85' lang='lat' dir='ltr'>vero</span> <span class='ocrx_word' id='word_1_162' title='bbox 241 2436 276 2492; x_wconf 89' lang='lat' dir='ltr'>de</span> <span class='ocrx_word' id='word_1_163' title='bbox 297 2436 408 2512; x_wconf 88' lang='lat' dir='ltr'>legibus</span> <span class='ocrx_word' id='word_1_164' title='bbox 429 2432 619 2503; x_wconf 89' lang='lat' dir='ltr'>instituendis,</span> <span class='ocrx_word' id='word_1_165' title='bbox 634 2433 670 2488; x_wconf 90' lang='lat' dir='ltr'>de</span> <span class='ocrx_word' id='word_1_166' title='bbox 691 2431 774 2502; x_wconf 88' lang='lat' dir='ltr'>bello,</span> <span class='ocrx_word' id='word_1_167' title='bbox 793 2431 830 2487; x_wconf 91' lang='lat' dir='ltr'>de</span> <span class='ocrx_word' id='word_1_168' title='bbox 850 2452 931 2508; x_wconf 85' lang='lat' dir='ltr'>pace,</span> 
     </span>
    </p>

    <p class='ocr_par' dir='ltr' id='par_1_6' title="bbox 89 2526 934 2993">
     <span class='ocr_line' id='line_1_24' title="bbox 89 2526 934 2610; baseline -0.006 -20"><span class='ocrx_word' id='word_1_169' title='bbox 89 2606 91 2610; x_wconf 9' lang='grc' dir='ltr'><strong>Α</strong></span> <span class='ocrx_word' id='word_1_170' title='bbox 154 2533 190 2589; x_wconf 90' lang='lat' dir='ltr'>de</span> <span class='ocrx_word' id='word_1_171' title='bbox 210 2532 306 2603; x_wconf 88' lang='lat' dir='ltr'>sociis,</span> <span class='ocrx_word' id='word_1_172' title='bbox 321 2531 357 2587; x_wconf 88' lang='lat' dir='ltr'>de</span> <span class='ocrx_word' id='word_1_173' title='bbox 377 2529 572 2605; x_wconf 76' lang='lat' dir='ltr'>vectigalibus,</span> <span class='ocrx_word' id='word_1_174' title='bbox 588 2529 623 2585; x_wconf 88' lang='lat' dir='ltr'>de</span> <span class='ocrx_word' id='word_1_175' title='bbox 640 2527 704 2603; x_wconf 90' lang='lat' dir='ltr'>jure</span> <span class='ocrx_word' id='word_1_176' title='bbox 724 2526 801 2584; x_wconf 87' lang='lat' dir='ltr'>civili</span> <span class='ocrx_word' id='word_1_177' title='bbox 815 2546 934 2605; x_wconf 83' lang='lat' dir='ltr'>genera-</span> 
     </span>
     <span class='ocr_line' id='line_1_25' title="bbox 154 2624 931 2699; baseline -0.008 -13"><span class='ocrx_word' id='word_1_178' title='bbox 154 2629 206 2686; x_wconf 89' lang='lat' dir='ltr'>tim</span> <span class='ocrx_word' id='word_1_179' title='bbox 227 2628 257 2685; x_wconf 91' lang='lat' dir='ltr'>in</span> <span class='ocrx_word' id='word_1_180' title='bbox 277 2627 391 2684; x_wconf 87' lang='lat' dir='ltr'>ordines</span> <span class='ocrx_word' id='word_1_181' title='bbox 418 2635 571 2698; x_wconf 81' lang='lat' dir='ltr'>aetatesque</span> <span class='ocrx_word' id='word_1_182' title='bbox 596 2624 750 2699; x_wconf 86' lang='lat' dir='ltr'>descripto,</span> <span class='ocrx_word' id='word_1_183' title='bbox 770 2624 869 2682; x_wconf 77' lang='lat' dir='ltr'>dicant</span> <span class='ocrx_word' id='word_1_184' title='bbox 887 2624 931 2682; x_wconf 81' lang='lat' dir='ltr'>rel</span> 
     </span>
     <span class='ocr_line' id='line_1_26' title="bbox 102 2721 933 2799; baseline -0.007 -16"><span class='ocrx_word' id='word_1_185' title='bbox 102 2732 137 2783; x_wconf 77' lang='lat'>25</span> <span class='ocrx_word' id='word_1_186' title='bbox 154 2725 259 2796; x_wconf 86' lang='lat' dir='ltr'>Graeci,</span> <span class='ocrx_word' id='word_1_187' title='bbox 274 2724 296 2780; x_wconf 88' lang='lat' dir='ltr'>si</span> <span class='ocrx_word' id='word_1_188' title='bbox 311 2723 418 2793; x_wconf 88' lang='lat' dir='ltr'>volunt,</span> <span class='ocrx_word' id='word_1_189' title='bbox 434 2722 597 2798; x_wconf 85' lang='lat' dir='ltr'>Lycurgum</span> <span class='ocrx_word' id='word_1_190' title='bbox 612 2731 660 2778; x_wconf 86' lang='lat' dir='ltr'>aut</span> <span class='ocrx_word' id='word_1_191' title='bbox 680 2721 816 2778; x_wconf 85' lang='lat' dir='ltr'>Solonem</span> <span class='ocrx_word' id='word_1_192' title='bbox 832 2721 933 2799; x_wconf 83' lang='lat' dir='ltr'>(quan-</span> 
     </span>
     <span class='ocr_line' id='line_1_27' title="bbox 153 2815 931 2897; baseline -0.009 -20"><span class='ocrx_word' id='word_1_193' title='bbox 153 2840 238 2897; x_wconf 81' lang='lat' dir='ltr'>quam</span> <span class='ocrx_word' id='word_1_194' title='bbox 265 2819 328 2876; x_wconf 86' lang='lat' dir='ltr'>illos</span> <span class='ocrx_word' id='word_1_195' title='bbox 354 2818 469 2893; x_wconf 89' lang='lat' dir='ltr'>quidem</span> <span class='ocrx_word' id='word_1_196' title='bbox 499 2836 649 2886; x_wconf 89' lang='lat' dir='ltr'>censemus</span> <span class='ocrx_word' id='word_1_197' title='bbox 675 2816 705 2873; x_wconf 90' lang='lat' dir='ltr'>in</span> <span class='ocrx_word' id='word_1_198' title='bbox 731 2835 849 2876; x_wconf 87' lang='lat' dir='ltr'>numero</span> <span class='ocrx_word' id='word_1_199' title='bbox 874 2815 931 2871; x_wconf 88' lang='lat' dir='ltr'>elo·</span> 
     </span>
     <span class='ocr_line' id='line_1_28' title="bbox 154 2910 932 2993; baseline -0.01 -18"><span class='ocrx_word' id='word_1_200' title='bbox 154 2916 301 2993; x_wconf 91' lang='lat' dir='ltr'>quentium</span> <span class='ocrx_word' id='word_1_201' title='bbox 321 2914 512 2993; x_wconf 86' lang='lat' dir='ltr'>reponendos)</span> <span class='ocrx_word' id='word_1_202' title='bbox 534 2913 622 2971; x_wconf 79' lang='lat' dir='ltr'>scisse</span> <span class='ocrx_word' id='word_1_203' title='bbox 641 2911 753 2984; x_wconf 89' lang='lat' dir='ltr'>melius,</span> <span class='ocrx_word' id='word_1_204' title='bbox 768 2930 851 2986; x_wconf 83' lang='lat' dir='ltr'>quam</span> <span class='ocrx_word' id='word_1_205' title='bbox 872 2910 932 2986; x_wconf 83' lang='lat' dir='ltr'>Hy·</span> 
     </span>
    </p>
   </div>
   <div class='ocr_carea' id='block_1_3' title="bbox 151 3006 930 3093">
    <p class='ocr_par' dir='ltr' id='par_1_7' title="bbox 151 3006 930 3093">
     <span class='ocr_line' id='line_1_29' title="bbox 151 3006 930 3093; baseline -0.014 -20"><span class='ocrx_word' id='word_1_206' title='bbox 151 3013 281 3093; x_wconf 78' lang='lat' dir='ltr'>peridem</span> <span class='ocrx_word' id='word_1_207' title='bbox 301 3020 350 3071; x_wconf 82' lang='lat' dir='ltr'>aut</span> <span class='ocrx_word' id='word_1_208' title='bbox 369 3010 602 3083; x_wconf 85' lang='lat' dir='ltr'>Demosthenem,</span> <span class='ocrx_word' id='word_1_209' title='bbox 615 3009 758 3086; x_wconf 86' lang='lat' dir='ltr'>perfectos</span> <span class='ocrx_word' id='word_1_210' title='bbox 769 3007 828 3083; x_wconf 83' lang='lat' dir='ltr'>jaro</span> <span class='ocrx_word' id='word_1_211' title='bbox 841 3006 930 3068; x_wconf 87' lang='lat' dir='ltr'>homi·</span> 
     </span>
    </p>
   </div>
   <div class='ocr_carea' id='block_1_4' title="bbox 1041 2645 1048 2700">
    <p class='ocr_par' dir='ltr' id='par_1_8' title="bbox 1041 2645 1048 2700">
     <span class='ocr_line' id='line_1_30' title="bbox 1041 2645 1048 2700; baseline 0 0"><span class='ocrx_word' id='word_1_212' title='bbox 1041 2645 1048 2700; x_wconf 82' lang='lat' dir='ltr'>l</span> 
     </span>
    </p>
   </div>
   <div class='ocr_carea' id='block_1_5' title="bbox 0 0 1060 3417">
    <p class='ocr_par' dir='ltr' id='par_1_9' title="bbox 0 0 1060 3417">
     <span class='ocr_line' id='line_1_31' title="bbox 0 0 1060 3417; baseline 0 1"><span class='ocrx_word' id='word_1_213' title='bbox 0 0 1060 3417; x_wconf 95' lang='lat' dir='ltr'> </span> 
     </span>
    </p>
   </div>
  </div>
 </body>
</html>
