<?xml version="1.0" encoding="UTF-8"?>
<!DOCTYPE html PUBLIC "-//W3C//DTD XHTML 1.0 Transitional//EN"
    "http://www.w3.org/TR/xhtml1/DTD/xhtml1-transitional.dtd">
<html xmlns="http://www.w3.org/1999/xhtml" xml:lang="en" lang="en">
 <head>
  <title>
</title>
<meta http-equiv="Content-Type" content="text/html;charset=utf-8" />
  <meta name='ocr-system' content='tesseract 3.04.00' />
  <meta name='ocr-capabilities' content='ocr_page ocr_carea ocr_par ocr_line ocrx_word'/>
</head>
<body>
  <div class='ocr_page' id='page_1' title='image "./mtciceronisadqu00dillgoog_0367.png"; bbox 0 0 2109 3417; ppageno 0'>
   <div class='ocr_carea' id='block_1_1' title="bbox 14 314 932 411">
    <p class='ocr_par' dir='ltr' id='par_1_1' title="bbox 14 314 932 411">
     <span class='ocr_line' id='line_1_1' title="bbox 14 314 932 411; baseline -0.007 -11"><span class='ocrx_word' id='word_1_1' title='bbox 14 389 17 400; x_wconf 81' lang='grc'><em>.</em></span> <span class='ocrx_word' id='word_1_2' title='bbox 102 352 197 411; x_wconf 81' lang='lat' dir='ltr'><strong>nm]</strong></span> <span class='ocrx_word' id='word_1_3' title='bbox 388 350 431 396; x_wconf 83' lang='lat' dir='ltr'><strong>nn</strong></span> <span class='ocrx_word' id='word_1_4' title='bbox 452 318 614 396; x_wconf 78' lang='lat' dir='ltr'><strong>onsnonn.</strong></span> <span class='ocrx_word' id='word_1_5' title='bbox 876 314 932 395; x_wconf 74' lang='lat' dir='ltr'><strong>ito</strong></span> 
     </span>
    </p>
   </div>
   <div class='ocr_carea' id='block_1_2' title="bbox 14 482 958 2107">
    <p class='ocr_par' dir='ltr' id='par_1_2' title="bbox 15 482 941 1341">
     <span class='ocr_line' id='line_1_2' title="bbox 15 482 887 577; baseline -0.001 -21"><span class='ocrx_word' id='word_1_6' title='bbox 15 557 16 564; x_wconf 9' lang='grc' dir='ltr'>χ</span> <span class='ocrx_word' id='word_1_7' title='bbox 103 498 230 556; x_wconf 82' lang='lat' dir='ltr'>Athenis</span> <span class='ocrx_word' id='word_1_8' title='bbox 240 498 302 556; x_wconf 85' lang='lat' dir='ltr'><strong>fieri</strong></span> <span class='ocrx_word' id='word_1_9' title='bbox 313 498 443 577; x_wconf 79' lang='lat' dir='ltr'><strong>licebat),</strong></span> <span class='ocrx_word' id='word_1_10' title='bbox 455 498 579 573; x_wconf 86' lang='lat' dir='ltr'><strong>leporem</strong></span> <span class='ocrx_word' id='word_1_11' title='bbox 592 496 734 555; x_wconf 72' lang='lat' dir='ltr'><strong>habitisse</strong></span> <span class='ocrx_word' id='word_1_12' title='bbox 744 482 887 571; x_wconf 76' lang='lat' dir='ltr'><strong>tlixerunt,</strong></span> 
     </span>
     <span class='ocr_line' id='line_1_3' title="bbox 103 594 887 669; baseline 0 -18"><span class='ocrx_word' id='word_1_13' title='bbox 103 605 271 669; x_wconf 83' lang='lat' dir='ltr'><strong>tantamque</strong></span> <span class='ocrx_word' id='word_1_14' title='bbox 284 596 312 652; x_wconf 91' lang='lat' dir='ltr'><strong>in</strong></span> <span class='ocrx_word' id='word_1_15' title='bbox 324 614 359 652; x_wconf 91' lang='lat' dir='ltr'><strong>eo</strong></span> <span class='ocrx_word' id='word_1_16' title='bbox 369 596 425 652; x_wconf 87' lang='lat' dir='ltr'><strong>vim</strong></span> <span class='ocrx_word' id='word_1_17' title='bbox 438 596 534 666; x_wconf 88' lang='lat' dir='ltr'><strong>luisse,</strong></span> <span class='ocrx_word' id='word_1_18' title='bbox 546 606 577 651; x_wconf 91' lang='lat' dir='ltr'><strong>ut</strong></span> <span class='ocrx_word' id='word_1_19' title='bbox 588 595 617 652; x_wconf 96' lang='lat' dir='ltr'><strong>in</strong></span> <span class='ocrx_word' id='word_1_20' title='bbox 628 614 725 651; x_wconf 87' lang='lat' dir='ltr'><strong>eorum</strong></span> <span class='ocrx_word' id='word_1_21' title='bbox 735 594 887 666; x_wconf 87' lang='lat' dir='ltr'><strong>mentibus,</strong></span> 
     </span>
     <span class='ocr_line' id='line_1_4' title="bbox 103 683 884 768; baseline 0.004 -21"><span class='ocrx_word' id='word_1_22' title='bbox 103 690 155 765; x_wconf 93' lang='lat' dir='ltr'><strong>qui</strong></span> <span class='ocrx_word' id='word_1_23' title='bbox 170 683 417 768; x_wconf 39' lang='lat' dir='ltr'><strong>audissentgquasi</strong></span> <span class='ocrx_word' id='word_1_24' title='bbox 429 692 543 749; x_wconf 83' lang='lat' dir='ltr'><strong>aculeos</strong></span> <span class='ocrx_word' id='word_1_25' title='bbox 558 692 693 766; x_wconf 78' lang='lat' dir='ltr'><strong>quosdam</strong></span> <span class='ocrx_word' id='word_1_26' title='bbox 708 691 884 766; x_wconf 79' lang='lat' dir='ltr'><strong>relinqueret</strong></span> 
     </span>
     <span class='ocr_line' id='line_1_5' title="bbox 103 777 888 865; baseline 0.001 -22"><span class='ocrx_word' id='word_1_27' title='bbox 103 787 147 843; x_wconf 88' lang='lat' dir='ltr'><strong>At</strong></span> <span class='ocrx_word' id='word_1_28' title='bbox 160 787 315 860; x_wconf 78' lang='lat' dir='ltr'><strong>huncxnon</strong></span> <span class='ocrx_word' id='word_1_29' title='bbox 337 777 473 863; x_wconf 81' lang='lat' dir='ltr'><strong>clamator</strong></span> <span class='ocrx_word' id='word_1_30' title='bbox 494 787 595 863; x_wconf 81' lang='lat' dir='ltr'>aliquis</span> <span class='ocrx_word' id='word_1_31' title='bbox 611 788 645 845; x_wconf 82' lang='lat' dir='ltr'><strong>nd</strong></span> <span class='ocrx_word' id='word_1_32' title='bbox 659 786 834 865; x_wconf 77' lang='lat' dir='ltr'><strong>‘clepsydram</strong></span> <span class='ocrx_word' id='word_1_33' title='bbox 849 786 888 845; x_wconf 81' lang='lat' dir='ltr'><strong>ln·</strong></span> 
     </span>
     <span class='ocr_line' id='line_1_6' title="bbox 103 875 941 958; baseline -0.001 -18"><span class='ocrx_word' id='word_1_34' title='bbox 103 892 181 940; x_wconf 83' lang='lat' dir='ltr'><strong>trare</strong></span> <span class='ocrx_word' id='word_1_35' title='bbox 202 875 428 955; x_wconf 51' lang='lat' dir='ltr'><strong>docueratjsed,</strong></span> <span class='ocrx_word' id='word_1_36' title='bbox 443 894 475 941; x_wconf 91' lang='lat' dir='ltr'><strong>ut</strong></span> <span class='ocrx_word' id='word_1_37' title='bbox 495 884 667 958; x_wconf 89' lang='lat' dir='ltr'><strong>accepimus,</strong></span> <span class='ocrx_word' id='word_1_38' title='bbox 683 876 886 955; x_wconf 84' lang='lat' dir='ltr'><strong>Clazomenius</strong></span> <span class='ocrx_word' id='word_1_39' title='bbox 903 890 918 939; x_wconf 74' lang='lat'><strong>5</strong></span> <span class='ocrx_word' id='word_1_40' title='bbox 939 882 941 888; x_wconf 79' lang='lat'>&#39;</span> 
     </span>
     <span class='ocr_line' id='line_1_7' title="bbox 15 966 887 1056; baseline 0.002 -21"><span class='ocrx_word' id='word_1_41' title='bbox 15 1017 16 1050; x_wconf 55' lang='lat'>3</span> <span class='ocrx_word' id='word_1_42' title='bbox 104 977 154 1035; x_wconf 96' lang='lat' dir='ltr'>ille</span> <span class='ocrx_word' id='word_1_43' title='bbox 162 969 357 1056; x_wconf 61' lang='lat' dir='ltr'><strong>Anaxagoras,</strong></span> <span class='ocrx_word' id='word_1_44' title='bbox 367 980 408 1037; x_wconf 83' lang='lat' dir='ltr'><strong>vii</strong></span> <span class='ocrx_word' id='word_1_45' title='bbox 417 979 545 1037; x_wconf 83' lang='lat' dir='ltr'><strong>summus</strong></span> <span class='ocrx_word' id='word_1_46' title='bbox 554 979 584 1035; x_wconf 89' lang='lat' dir='ltr'><strong>in</strong></span> <span class='ocrx_word' id='word_1_47' title='bbox 596 966 780 1037; x_wconf 83' lang='lat' dir='ltr'><strong>maximarum</strong></span> <span class='ocrx_word' id='word_1_48' title='bbox 793 999 887 1037; x_wconf 85' lang='lat' dir='ltr'><strong>rerum</strong></span> 
     </span>
     <span class='ocr_line' id='line_1_8' title="bbox 103 1072 889 1151; baseline 0 -20"><span class='ocrx_word' id='word_1_49' title='bbox 103 1072 235 1132; x_wconf 60' lang='lat' dir='ltr'><strong>scientie.</strong></span> <span class='ocrx_word' id='word_1_50' title='bbox 275 1074 376 1151; x_wconf 82' lang='lat' dir='ltr'><strong>Itaque</strong></span> <span class='ocrx_word' id='word_1_51' title='bbox 391 1076 439 1132; x_wconf 95' lang='lat' dir='ltr'><strong>hic</strong></span> <span class='ocrx_word' id='word_1_52' title='bbox 453 1075 594 1146; x_wconf 75' lang='lat' dir='ltr'><strong>doctrinit,</strong></span> <span class='ocrx_word' id='word_1_53' title='bbox 610 1074 740 1146; x_wconf 90' lang='lat' dir='ltr'><strong>consilio,</strong></span> <span class='ocrx_word' id='word_1_54' title='bbox 755 1076 889 1150; x_wconf 91' lang='lat' dir='ltr'><strong>eloquen-</strong></span> 
     </span>
     <span class='ocr_line' id='line_1_9' title="bbox 102 1170 887 1247; baseline 0 -20"><span class='ocrx_word' id='word_1_55' title='bbox 102 1170 145 1228; x_wconf 77' lang='lat' dir='ltr'><strong>tit</strong></span> <span class='ocrx_word' id='word_1_56' title='bbox 156 1171 308 1242; x_wconf 86' lang='lat' dir='ltr'>excellens,</span> <span class='ocrx_word' id='word_1_57' title='bbox 320 1171 507 1247; x_wconf 83' lang='lat' dir='ltr'><strong>quadraginta</strong></span> <span class='ocrx_word' id='word_1_58' title='bbox 521 1190 610 1228; x_wconf 87' lang='lat' dir='ltr'><strong>annos</strong></span> <span class='ocrx_word' id='word_1_59' title='bbox 621 1172 741 1246; x_wconf 80' lang='lat' dir='ltr'><strong>praefuit,</strong></span> <span class='ocrx_word' id='word_1_60' title='bbox 754 1171 887 1244; x_wconf 84' lang='lat' dir='ltr'><strong>Athenis,</strong></span> 
     </span>
     <span class='ocr_line' id='line_1_10' title="bbox 104 1266 792 1341; baseline 0 -18"><span class='ocrx_word' id='word_1_61' title='bbox 104 1276 134 1323; x_wconf 86' lang='lat' dir='ltr'><strong>et</strong></span> <span class='ocrx_word' id='word_1_62' title='bbox 148 1266 264 1323; x_wconf 80' lang='lat' dir='ltr'><strong>urbanis</strong></span> <span class='ocrx_word' id='word_1_63' title='bbox 278 1266 379 1324; x_wconf 89' lang='lat' dir='ltr'><strong>eodem</strong></span> <span class='ocrx_word' id='word_1_64' title='bbox 393 1277 520 1341; x_wconf 87' lang='lat' dir='ltr'><strong>tempore</strong></span> <span class='ocrx_word' id='word_1_65' title='bbox 535 1276 563 1322; x_wconf 91' lang='lat' dir='ltr'><strong>et</strong></span> <span class='ocrx_word' id='word_1_66' title='bbox 577 1266 687 1323; x_wconf 86' lang='lat' dir='ltr'>bellicis</span> <span class='ocrx_word' id='word_1_67' title='bbox 700 1267 792 1324; x_wconf 87' lang='lat' dir='ltr'><strong>rebus.</strong></span> 
     </span>
    </p>

    <p class='ocr_par' dir='ltr' id='par_1_3' title="bbox 14 1358 958 2107">
     <span class='ocr_line' id='line_1_11' title="bbox 141 1358 934 1440; baseline 0.004 -20"><span class='ocrx_word' id='word_1_68' title='bbox 141 1358 226 1422; x_wconf 79' lang='lat' dir='ltr'><strong>Quid</strong></span> <span class='ocrx_word' id='word_1_69' title='bbox 252 1360 379 1418; x_wconf 86' lang='lat' dir='ltr'><strong>Critiasl</strong></span> <span class='ocrx_word' id='word_1_70' title='bbox 410 1360 477 1440; x_wconf 84' lang='lat' dir='ltr'><strong>quid</strong></span> <span class='ocrx_word' id='word_1_71' title='bbox 505 1360 692 1418; x_wconf 82' lang='lat' dir='ltr'>Alcibiadesl</span> <span class='ocrx_word' id='word_1_72' title='bbox 726 1362 888 1421; x_wconf 76' lang='lat' dir='ltr'><strong>civitatibus</strong></span> <span class='ocrx_word' id='word_1_73' title='bbox 906 1374 934 1423; x_wconf 84' lang='lat'><strong>1⁰</strong></span> 
     </span>
     <span class='ocr_line' id='line_1_12' title="bbox 14 1442 887 1534; baseline 0.002 -21"><span class='ocrx_word' id='word_1_74' title='bbox 14 1510 18 1534; x_wconf 68' lang='lat'>‚</span> <span class='ocrx_word' id='word_1_75' title='bbox 105 1449 167 1514; x_wconf 81' lang='lat' dir='ltr'><strong>suis</strong></span> <span class='ocrx_word' id='word_1_76' title='bbox 192 1456 307 1531; x_wconf 87' lang='lat' dir='ltr'><strong>quidem</strong></span> <span class='ocrx_word' id='word_1_77' title='bbox 334 1476 391 1513; x_wconf 91' lang='lat' dir='ltr'><strong>non</strong></span> <span class='ocrx_word' id='word_1_78' title='bbox 418 1456 496 1527; x_wconf 85' lang='lat' dir='ltr'><strong>boni,</strong></span> <span class='ocrx_word' id='word_1_79' title='bbox 521 1456 571 1512; x_wconf 94' lang='lat' dir='ltr'><strong>sed</strong></span> <span class='ocrx_word' id='word_1_80' title='bbox 598 1442 675 1512; x_wconf 84' lang='lat' dir='ltr'><strong>certe</strong></span> <span class='ocrx_word' id='word_1_81' title='bbox 703 1457 780 1513; x_wconf 89' lang='lat' dir='ltr'><strong>doctl</strong></span> <span class='ocrx_word' id='word_1_82' title='bbox 805 1468 887 1533; x_wconf 86' lang='lat' dir='ltr'><strong>atque</strong></span> 
     </span>
     <span class='ocr_line' id='line_1_13' title="bbox 15 1535 888 1627; baseline 0.001 -18"><span class='ocrx_word' id='word_1_83' title='bbox 15 1535 18 1596; x_wconf 64' lang='grc' dir='ltr'>Ῐ</span> <span class='ocrx_word' id='word_1_84' title='bbox 105 1553 282 1626; x_wconf 81' lang='lat' dir='ltr'>eloquentes,</span> <span class='ocrx_word' id='word_1_85' title='bbox 311 1571 407 1609; x_wconf 93' lang='lat' dir='ltr'><strong>nonne</strong></span> <span class='ocrx_word' id='word_1_86' title='bbox 435 1551 591 1609; x_wconf 80' lang='lat' dir='ltr'><strong>Socraticis</strong></span> <span class='ocrx_word' id='word_1_87' title='bbox 617 1562 697 1609; x_wconf 85' lang='lat' dir='ltr'><strong>erant</strong></span> <span class='ocrx_word' id='word_1_88' title='bbox 724 1552 888 1627; x_wconf 86' lang='lat' dir='ltr'><strong>disputatio·</strong></span> 
     </span>
     <span class='ocr_line' id='line_1_14' title="bbox 105 1647 889 1723; baseline -0.001 -17"><span class='ocrx_word' id='word_1_89' title='bbox 105 1648 191 1706; x_wconf 90' lang='lat' dir='ltr'><strong>nibus</strong></span> <span class='ocrx_word' id='word_1_90' title='bbox 211 1647 335 1705; x_wconf 85' lang='lat' dir='ltr'><strong>eruditil</strong></span> <span class='ocrx_word' id='word_1_91' title='bbox 373 1648 450 1709; x_wconf 78' lang='lat' dir='ltr'><strong>Quis</strong></span> <span class='ocrx_word' id='word_1_92' title='bbox 471 1648 594 1705; x_wconf 89' lang='lat' dir='ltr'><strong>Dionem</strong></span> <span class='ocrx_word' id='word_1_93' title='bbox 617 1647 801 1723; x_wconf 88' lang='lat' dir='ltr'><strong>Syracusium</strong></span> <span class='ocrx_word' id='word_1_94' title='bbox 822 1648 889 1705; x_wconf 89' lang='lat' dir='ltr'><strong>doc·</strong></span> 
     </span>
     <span class='ocr_line' id='line_1_15' title="bbox 105 1741 958 1827; baseline -0.002 -26"><span class='ocrx_word' id='word_1_95' title='bbox 105 1741 189 1801; x_wconf 85' lang='lat' dir='ltr'><strong>trinis</strong></span> <span class='ocrx_word' id='word_1_96' title='bbox 203 1744 336 1801; x_wconf 90' lang='lat' dir='ltr'><strong>omnibus</strong></span> <span class='ocrx_word' id='word_1_97' title='bbox 350 1743 503 1819; x_wconf 70' lang='lat' dir='ltr'><strong>expolivit?</strong></span> <span class='ocrx_word' id='word_1_98' title='bbox 523 1762 582 1800; x_wconf 93' lang='lat' dir='ltr'><strong>non</strong></span> <span class='ocrx_word' id='word_1_99' title='bbox 602 1743 704 1823; x_wconf 87' lang='lat' dir='ltr'><strong>Platol</strong></span> <span class='ocrx_word' id='word_1_100' title='bbox 726 1753 809 1817; x_wconf 83' lang='lat' dir='ltr'><strong>atque</strong></span> <span class='ocrx_word' id='word_1_101' title='bbox 823 1761 888 1799; x_wconf 89' lang='lat' dir='ltr'><strong>eum</strong></span> <span class='ocrx_word' id='word_1_102' title='bbox 955 1820 958 1827; x_wconf 68' lang='lat'><em>,</em></span> 
     </span>
     <span class='ocr_line' id='line_1_16' title="bbox 107 1836 934 1917; baseline 0.004 -21"><span class='ocrx_word' id='word_1_103' title='bbox 107 1840 183 1897; x_wconf 89' lang='lat' dir='ltr'><strong>idem</strong></span> <span class='ocrx_word' id='word_1_104' title='bbox 204 1838 251 1896; x_wconf 91' lang='lat' dir='ltr'>ille</span> <span class='ocrx_word' id='word_1_105' title='bbox 271 1858 330 1896; x_wconf 91' lang='lat' dir='ltr'><strong>non</strong></span> <span class='ocrx_word' id='word_1_106' title='bbox 350 1840 455 1917; x_wconf 82' lang='lat' dir='ltr'><strong>linguae</strong></span> <span class='ocrx_word' id='word_1_107' title='bbox 475 1840 575 1913; x_wconf 88' lang='lat' dir='ltr'><strong>solum,</strong></span> <span class='ocrx_word' id='word_1_108' title='bbox 590 1858 686 1897; x_wconf 85' lang='lat' dir='ltr'><strong>verum</strong></span> <span class='ocrx_word' id='word_1_109' title='bbox 702 1838 786 1896; x_wconf 84' lang='lat' dir='ltr'><strong>etism</strong></span> <span class='ocrx_word' id='word_1_110' title='bbox 802 1836 889 1896; x_wconf 80' lang='lat' dir='ltr'><strong>animi</strong></span> <span class='ocrx_word' id='word_1_111' title='bbox 905 1850 934 1899; x_wconf 87' lang='lat'><strong>15</strong></span> 
     </span>
     <span class='ocr_line' id='line_1_17' title="bbox 107 1934 888 2012; baseline 0 -19"><span class='ocrx_word' id='word_1_112' title='bbox 107 1954 142 1993; x_wconf 84' lang='lat' dir='ltr'><strong>uc</strong></span> <span class='ocrx_word' id='word_1_113' title='bbox 168 1934 279 1992; x_wconf 83' lang='lat' dir='ltr'><strong>virtutis</strong></span> <span class='ocrx_word' id='word_1_114' title='bbox 312 1934 456 2012; x_wconf 86' lang='lat' dir='ltr'><strong>magister,</strong></span> <span class='ocrx_word' id='word_1_115' title='bbox 491 1936 526 1993; x_wconf 86' lang='lat' dir='ltr'><strong>ad</strong></span> <span class='ocrx_word' id='word_1_116' title='bbox 559 1934 735 1993; x_wconf 85' lang='lat' dir='ltr'>liberandam</span> <span class='ocrx_word' id='word_1_117' title='bbox 767 1934 888 2006; x_wconf 85' lang='lat' dir='ltr'><strong>patriam</strong></span> 
     </span>
     <span class='ocr_line' id='line_1_18' title="bbox 106 2026 890 2107; baseline -0.004 -17"><span class='ocrx_word' id='word_1_118' title='bbox 106 2032 390 2105; x_wconf 74' lang='lat' dir='ltr'><strong>impulit,&#39;instruxit‚</strong></span> <span class='ocrx_word' id='word_1_119' title='bbox 412 2032 538 2089; x_wconf 84' lang='lat' dir='ltr'><strong>armavit.</strong></span> <span class='ocrx_word' id='word_1_120' title='bbox 585 2028 697 2088; x_wconf 89' lang='lat' dir='ltr'>Aliisne</span> <span class='ocrx_word' id='word_1_121' title='bbox 718 2032 803 2107; x_wconf 85' lang='lat' dir='ltr'><strong>igitur</strong></span> <span class='ocrx_word' id='word_1_122' title='bbox 825 2026 890 2088; x_wconf 85' lang='lat' dir='ltr'><strong>aiti-</strong></span> 
     </span>
    </p>
   </div>
   <div class='ocr_carea' id='block_1_3' title="bbox 14 2126 888 2209">
    <p class='ocr_par' dir='ltr' id='par_1_4' title="bbox 14 2126 888 2209">
     <span class='ocr_line' id='line_1_19' title="bbox 14 2126 888 2209; baseline -0.002 -21"><span class='ocrx_word' id='word_1_123' title='bbox 14 2189 17 2209; x_wconf 40' lang='lat'><em>„</em></span> <span class='ocrx_word' id='word_1_124' title='bbox 106 2130 159 2188; x_wconf 91' lang='lat' dir='ltr'><strong>bus</strong></span> <span class='ocrx_word' id='word_1_125' title='bbox 172 2134 251 2187; x_wconf 80' lang='lat' dir='ltr'><strong>hunc</strong></span> <span class='ocrx_word' id='word_1_126' title='bbox 271 2128 394 2187; x_wconf 90' lang='lat' dir='ltr'>Dionem</span> <span class='ocrx_word' id='word_1_127' title='bbox 416 2129 539 2186; x_wconf 88' lang='lat' dir='ltr'><strong>instituit</strong></span> <span class='ocrx_word' id='word_1_128' title='bbox 558 2128 649 2199; x_wconf 84' lang='lat' dir='ltr'><strong>Plato,</strong></span> <span class='ocrx_word' id='word_1_129' title='bbox 666 2126 727 2184; x_wconf 85' lang='lat' dir='ltr'>aliis</span> <span class='ocrx_word' id='word_1_130' title='bbox 747 2126 888 2185; x_wconf 84' lang='lat' dir='ltr'><strong>Isocrates</strong></span> 
     </span>
    </p>
   </div>
   <div class='ocr_carea' id='block_1_4' title="bbox 107 2222 888 2300">
    <p class='ocr_par' dir='ltr' id='par_1_5' title="bbox 107 2222 888 2300">
     <span class='ocr_line' id='line_1_20' title="bbox 107 2222 888 2300; baseline 0 -18"><span class='ocrx_word' id='word_1_131' title='bbox 107 2224 295 2283; x_wconf 82' lang='lat' dir='ltr'><strong>clarissimum</strong></span> <span class='ocrx_word' id='word_1_132' title='bbox 322 2226 413 2283; x_wconf 87' lang='lat' dir='ltr'><strong>virum</strong></span> <span class='ocrx_word' id='word_1_133' title='bbox 440 2224 636 2295; x_wconf 88' lang='lat' dir='ltr'><strong>Timotheum,</strong></span> <span class='ocrx_word' id='word_1_134' title='bbox 659 2222 797 2295; x_wconf 83' lang='lat' dir='ltr'><strong>Cononis,</strong></span> <span class='ocrx_word' id='word_1_135' title='bbox 818 2243 888 2300; x_wconf 86' lang='lat' dir='ltr'>prae·</span> 
     </span>
    </p>
   </div>
   <div class='ocr_carea' id='block_1_5' title="bbox 15 2320 933 2396">
    <p class='ocr_par' dir='ltr' id='par_1_6' title="bbox 15 2320 933 2396">
     <span class='ocr_line' id='line_1_21' title="bbox 15 2320 933 2396; baseline -0.002 -19"><span class='ocrx_word' id='word_1_136' title='bbox 15 2363 16 2368; x_wconf 16' lang='grc' dir='ltr'><strong>κ</strong></span> <span class='ocrx_word' id='word_1_137' title='bbox 108 2320 271 2378; x_wconf 83' lang='lat' dir='ltr'><strong>stantissimi</strong></span> <span class='ocrx_word' id='word_1_138' title='bbox 298 2320 485 2396; x_wconf 66' lang='lat' dir='ltr'><strong>imperatoris</strong></span> <span class='ocrx_word' id='word_1_139' title='bbox 506 2321 605 2391; x_wconf 84' lang='lat' dir='ltr'><strong>lilium,</strong></span> <span class='ocrx_word' id='word_1_140' title='bbox 628 2338 769 2377; x_wconf 91' lang='lat' dir='ltr'><strong>summum</strong></span> <span class='ocrx_word' id='word_1_141' title='bbox 797 2320 933 2396; x_wconf 66' lang='lat' dir='ltr'><strong>ipsumffl</strong></span> 
     </span>
    </p>
   </div>
   <div class='ocr_carea' id='block_1_6' title="bbox 108 2414 901 2587">
    <p class='ocr_par' dir='ltr' id='par_1_7' title="bbox 108 2414 901 2587">
     <span class='ocr_line' id='line_1_22' title="bbox 108 2414 901 2491; baseline 0.001 -18"><span class='ocrx_word' id='word_1_142' title='bbox 108 2415 316 2487; x_wconf 83' lang='lat' dir='ltr'><strong>imperatorem,</strong></span> <span class='ocrx_word' id='word_1_143' title='bbox 350 2416 551 2491; x_wconf 89' lang='lat' dir='ltr'><strong>hominemque</strong></span> <span class='ocrx_word' id='word_1_144' title='bbox 586 2414 801 2471; x_wconf 88' lang='lat' dir='ltr'><strong>doctissimuml</strong></span> <span class='ocrx_word' id='word_1_145' title='bbox 840 2418 901 2474; x_wconf 83' lang='lat' dir='ltr'><strong>aut</strong></span> 
     </span>
     <span class='ocr_line' id='line_1_23' title="bbox 110 2509 888 2587; baseline -0.001 -19"><span class='ocrx_word' id='word_1_146' title='bbox 110 2511 171 2568; x_wconf 78' lang='lat' dir='ltr'>allis</span> <span class='ocrx_word' id='word_1_147' title='bbox 191 2509 386 2587; x_wconf 83' lang='lat' dir='ltr'><strong>Pythagoreus</strong></span> <span class='ocrx_word' id='word_1_148' title='bbox 407 2510 455 2569; x_wconf 89' lang='lat' dir='ltr'>ille</span> <span class='ocrx_word' id='word_1_149' title='bbox 475 2510 557 2586; x_wconf 89' lang='lat' dir='ltr'>Lysis</span> <span class='ocrx_word' id='word_1_150' title='bbox 577 2510 748 2567; x_wconf 82' lang='lat' dir='ltr'><strong>Thebanum</strong></span> <span class='ocrx_word' id='word_1_151' title='bbox 774 2509 888 2585; x_wconf 84' lang='lat' dir='ltr'><strong>Epami·</strong></span> 
     </span>
    </p>
   </div>
   <div class='ocr_carea' id='block_1_7' title="bbox 14 2605 909 2778">
    <p class='ocr_par' dir='ltr' id='par_1_8' title="bbox 14 2605 909 2778">
     <span class='ocr_line' id='line_1_24' title="bbox 15 2605 888 2680; baseline 0 -17"><span class='ocrx_word' id='word_1_152' title='bbox 15 2671 16 2680; x_wconf 10' lang='grc' dir='ltr'>χ</span> <span class='ocrx_word' id='word_1_153' title='bbox 108 2606 242 2677; x_wconf 81' lang='lat' dir='ltr'><strong>nondam,</strong></span> <span class='ocrx_word' id='word_1_154' title='bbox 264 2605 339 2663; x_wconf 86' lang='lat' dir='ltr'><strong>haud</strong></span> <span class='ocrx_word' id='word_1_155' title='bbox 367 2606 428 2664; x_wconf 92' lang='lat' dir='ltr'><strong>scio</strong></span> <span class='ocrx_word' id='word_1_156' title='bbox 456 2626 490 2664; x_wconf 87' lang='lat' dir='ltr'><strong>an</strong></span> <span class='ocrx_word' id='word_1_157' title='bbox 511 2624 653 2663; x_wconf 92' lang='lat' dir='ltr'><strong>summum</strong></span> <span class='ocrx_word' id='word_1_158' title='bbox 680 2606 771 2675; x_wconf 83' lang='lat' dir='ltr'><strong>virum</strong></span> <span class='ocrx_word' id='word_1_159' title='bbox 798 2618 888 2663; x_wconf 88' lang='lat' dir='ltr'><strong>unum</strong></span> 
     </span>
     <span class='ocr_line' id='line_1_25' title="bbox 14 2690 909 2778; baseline 0.001 -19"><span class='ocrx_word' id='word_1_160' title='bbox 14 2691 16 2702; x_wconf 52' lang='lat'><strong><em>⁴</em></strong></span> <span class='ocrx_word' id='word_1_161' title='bbox 109 2704 201 2759; x_wconf 90' lang='lat' dir='ltr'><strong>omnis</strong></span> <span class='ocrx_word' id='word_1_162' title='bbox 219 2701 360 2759; x_wconf 82' lang='lat' dir='ltr'><strong>Graeciael</strong></span> <span class='ocrx_word' id='word_1_163' title='bbox 381 2711 429 2759; x_wconf 90' lang='lat' dir='ltr'><strong>aut</strong></span> <span class='ocrx_word' id='word_1_164' title='bbox 448 2702 610 2777; x_wconf 88' lang='lat' dir='ltr'><strong>Xenophon</strong></span> <span class='ocrx_word' id='word_1_165' title='bbox 631 2701 819 2778; x_wconf 74' lang='lat' dir='ltr'><strong>Agesiltiuml</strong></span> <span class='ocrx_word' id='word_1_166' title='bbox 840 2690 909 2760; x_wconf 83' lang='lat' dir='ltr'><strong>aut¹</strong></span> 
     </span>
    </p>
   </div>
   <div class='ocr_carea' id='block_1_8' title="bbox 108 2791 938 3067">
    <p class='ocr_par' dir='ltr' id='par_1_9' title="bbox 108 2791 938 3067">
     <span class='ocr_line' id='line_1_26' title="bbox 108 2791 938 2876; baseline 0.002 -21"><span class='ocrx_word' id='word_1_167' title='bbox 108 2796 267 2855; x_wconf 73' lang='lat' dir='ltr'><strong>Philolium</strong></span> <span class='ocrx_word' id='word_1_168' title='bbox 289 2797 431 2876; x_wconf 83' lang='lat' dir='ltr'><strong>Archytas</strong></span> <span class='ocrx_word' id='word_1_169' title='bbox 450 2796 647 2854; x_wconf 69' lang='lat' dir='ltr'><strong>Tarentinus?</strong></span> <span class='ocrx_word' id='word_1_170' title='bbox 675 2806 723 2855; x_wconf 83' lang='lat' dir='ltr'><strong>aut</strong></span> <span class='ocrx_word' id='word_1_171' title='bbox 749 2797 809 2873; x_wconf 88' lang='lat' dir='ltr'>ipse</span> <span class='ocrx_word' id='word_1_172' title='bbox 835 2797 889 2873; x_wconf 87' lang='lat' dir='ltr'><strong>Py·</strong></span> <span class='ocrx_word' id='word_1_173' title='bbox 902 2791 938 2857; x_wconf 70' lang='lat'><strong>25&#39;</strong></span> 
     </span>
     <span class='ocr_line' id='line_1_27' title="bbox 109 2889 887 2969; baseline 0 -19"><span class='ocrx_word' id='word_1_174' title='bbox 109 2893 240 2969; x_wconf 83' lang='lat' dir='ltr'><strong>thagoras</strong></span> <span class='ocrx_word' id='word_1_175' title='bbox 260 2901 349 2949; x_wconf 88' lang='lat' dir='ltr'><strong>totam</strong></span> <span class='ocrx_word' id='word_1_176' title='bbox 372 2889 450 2950; x_wconf 86' lang='lat' dir='ltr'>illam</span> <span class='ocrx_word' id='word_1_177' title='bbox 470 2903 592 2951; x_wconf 83' lang='lat' dir='ltr'><strong>veterem</strong></span> <span class='ocrx_word' id='word_1_178' title='bbox 619 2892 708 2951; x_wconf 85' lang='lat' dir='ltr'><strong>Italiae</strong></span> <span class='ocrx_word' id='word_1_179' title='bbox 735 2892 887 2963; x_wconf 81' lang='lat' dir='ltr'><strong>Graeciam,</strong></span> 
     </span>
     <span class='ocr_line' id='line_1_28' title="bbox 111 2984 661 3067; baseline 0.002 -22"><span class='ocrx_word' id='word_1_180' title='bbox 111 3007 171 3064; x_wconf 82' lang='lat' dir='ltr'><strong>quae</strong></span> <span class='ocrx_word' id='word_1_181' title='bbox 186 2984 326 3065; x_wconf 82' lang='lat' dir='ltr'><strong>quondam</strong></span> <span class='ocrx_word' id='word_1_182' title='bbox 341 2986 449 3067; x_wconf 82' lang='lat' dir='ltr'><strong>Magna</strong></span> <span class='ocrx_word' id='word_1_183' title='bbox 462 2988 586 3049; x_wconf 84' lang='lat' dir='ltr'><strong>vocitata</strong></span> <span class='ocrx_word' id='word_1_184' title='bbox 599 2990 661 3047; x_wconf 88' lang='lat' dir='ltr'><strong>estl</strong></span> 
     </span>
    </p>
   </div>
   <div class='ocr_carea' id='block_1_9' title="bbox 0 0 1068 3417">
    <p class='ocr_par' dir='ltr' id='par_1_10' title="bbox 0 0 1068 3417">
     <span class='ocr_line' id='line_1_29' title="bbox 0 0 1068 3417; baseline 0 0"><span class='ocrx_word' id='word_1_185' title='bbox 0 0 1068 3417; x_wconf 95' lang='lat' dir='ltr'><strong> </strong></span> 
     </span>
    </p>
   </div>
  </div>
 </body>
</html>
