2109 3417
88 249 129 310 m
409 258 453 307 nn
474 257 640 307 onnuonu
849 256 917 317 [nu

136 416 250 477 centem
279 416 362 482 stoue
382 404 412 464 in
434 404 463 463 id
482 405 620 477 studium,
640 404 670 463 in
697 422 754 480 quo
778 404 858 478 estis,
878 404 920 461 in·

136 503 273 574 cumbite,
293 512 325 561 ut
344 512 374 561 et
394 502 476 561 vobis
495 502 607 573 honori,
622 511 653 559 et
672 501 774 559 amicis
793 500 919 572 utilitati,

135 610 165 657 et
178 599 343 675 reipublice
356 599 552 659 emolumento
565 617 628 657 esse
641 598 762 674 possitis.

175 793 230 851 IX.
252 792 329 851 Tum
352 792 481 851 Scaevola
500 793 631 865 comiter,
646 802 678 851 ut
697 792 817 863 solcbst,
836 791 921 851 Cete-

104 894 120 941 5
136 909 177 963 re,
193 890 294 965 inquit,
309 890 446 949 assentior
466 890 581 962 Crasso,
596 908 633 947 ne
653 899 702 947 ont
721 889 758 946 de
777 889 812 947 C.
827 888 919 959 Laelii,

137 987 230 1044 soceri
249 986 316 1057 mei,
338 996 387 1044 aut
405 987 442 1044 de
463 986 558 1062 hujus,
577 985 688 1063 generi,
709 995 759 1042 nut
778 995 849 1056 arte,
871 994 921 1043 sut

136 1084 227 1161 glorid
253 1083 417 1141 detrsbnm:
445 1083 496 1141 sed
517 1083 567 1140 illu
585 1083 654 1154 duo,
674 1082 789 1153 Crasse,
811 1100 920 1153 vereor,

136 1189 168 1236 nt
187 1179 240 1237 tibi
260 1178 365 1255 possim
387 1179 565 1249 concedere3
586 1197 687 1248 unum,
705 1178 783 1253 quod
804 1178 839 1235 ub
859 1196 922 1235 ora-

134 1276 245 1333 toribus
271 1276 402 1333 civitstes
428 1286 457 1333 et
484 1276 568 1333 initio
594 1274 774 1346 constitutas,
794 1284 824 1331 et
845 1292 921 1349 sspe

90 1378 120 1428 10
136 1381 316 1429 conservatus
336 1389 398 1429 esse
419 1371 531 1441 dixisti;
552 1370 684 1441 alterum,
705 1370 792 1444 quod,
811 1379 922 1427 remoto

136 1467 207 1538 loro,
227 1467 380 1539 concione,
398 1467 525 1544 judiciis,
544 1481 658 1536 senatu,
676 1453 810 1537 statuisti,
827 1478 922 1523 orato·

135 1582 194 1623 rem
210 1564 239 1621 in
254 1563 332 1621 omni
346 1582 451 1640 genere
465 1563 605 1621 sermonis
615 1572 646 1621 et
659 1562 844 1621 humanitatis
857 1580 922 1619 esso

135 1659 302 1735 perfectum.
342 1660 420 1722 Quis
440 1660 516 1719 enim
535 1659 588 1717 tibi
604 1659 659 1717 boc
674 1659 857 1730 concesserit,
871 1667 921 1717 sut

134 1755 218 1814 initio
251 1775 343 1833 genus
376 1756 524 1816 bominum
551 1756 581 1815 in
608 1755 755 1813 montibus
780 1774 816 1813 uc
841 1754 921 1813 silvis

90 1861 121 1910 15
136 1853 312 1930 dissipatum,
326 1870 384 1912 non
398 1853 584 1930 prudentium
597 1852 727 1914 consiliis
738 1851 921 1927 compulsum

134 1950 240 2024 potius,
261 1968 345 2024 quam
366 1950 538 2008 disertorum
557 1949 688 2007 oratioue
707 1948 868 2018 delinitum,
889 1966 921 2005 se

135 2044 247 2119 oppidis
267 2046 465 2120 moenibusque
485 2045 627 2121 sepsissel
649 2054 698 2101 eut
711 2060 777 2101 vero
797 2043 921 2118 reliquas

135 2140 281 2214 utilitates,
296 2151 345 2197 aut
365 2140 395 2197 in
416 2140 637 2211 constituendis,
652 2151 701 2197 aut
717 2138 921 2197 wnservaudis

136 2234 309 2306 civitatibus,
329 2254 388 2292 non
410 2256 426 2293 n
445 2236 623 2312 sapientibus
647 2246 676 2295 et
698 2236 821 2295 sortibus
841 2235 920 2308 viris,

21 2406 32 2413 -
88 2344 120 2395 2⁰
135 2332 187 2389 sed
207 2350 224 2389 a
243 2330 357 2389 disertis
376 2341 406 2389 et
425 2343 526 2391 ornate
546 2332 710 2391 dicentibus
729 2350 793 2391 csse
814 2333 921 2391 consti·

135 2429 230 2485 tutssl
270 2427 319 2487 An
333 2446 400 2487 vero
416 2428 468 2486 tibi
489 2428 635 2488 Romulus
655 2429 703 2487 ille
723 2438 772 2486 sut
791 2439 922 2505 pastores

135 2534 165 2583 et
185 2543 329 2583 convenas
353 2525 556 2603 congregdsse,
576 2536 626 2585 sut
653 2526 825 2585 Sabinorum
851 2545 923 2587 con·

135 2620 225 2679 nubis
243 2621 437 2698 conjunxisse,
459 2631 507 2681 aut
530 2622 716 2683 finitimorum
736 2622 794 2681 vim
813 2643 923 2701 repres-

134 2717 206 2775 sisse
225 2718 390 2794 eloqusntid
409 2718 531 2793 videtur,
552 2738 609 2778 non
629 2720 797 2779 concilicet
810 2722 923 2797 snpien-

88 2826 121 2879 25
134 2813 177 2872 ut
188 2814 347 2892 singularil
384 2815 469 2877 Quid
482 2816 581 2875 enimi
604 2816 635 2875 in
654 2816 754 2875 Numi
768 2816 920 2894 Pompilio,

134 2910 223 2988 quidt
257 2911 288 2970 in
315 2913 377 2971 Ser.
405 2914 505 2983 Tullo,
533 2914 623 2989 quidl
657 2913 688 2971 in
713 2913 820 2973 ceteris
846 2911 921 2989 regi-

135 3009 200 3084 bus,
219 3026 341 3087 quorum
367 2998 458 3070 m'ulta
476 3020 545 3071 mut
562 3010 670 3091 eximit
687 3009 725 3071 sd
743 3008 924 3072 constituen-
