2109 3417
121 282 152 332 t.
162 282 194 343 1.]
404 282 448 341 uu
471 282 636 331 ouauoau
918 276 959 339 ta

121 432 250 508 disputo,
265 442 298 491 ut
317 431 448 491 homines
469 434 677 506 adolescentes,
696 433 721 492 si
741 432 811 510 quid
831 424 913 492 natu·

122 531 185 591 rale
199 530 271 587 forte
291 548 349 587 non
371 530 504 602 habeant,
518 531 637 589 omniuo
651 549 669 589 a
681 531 798 589 dicendi
816 531 912 589 studio

123 626 293 685 deterream.
321 627 412 689 -Quis
439 627 517 683 enim
545 646 605 685 non
631 628 719 698 videt,
746 628 780 685 C.
809 628 911 700 Coeiio,

124 723 228 797 squali
243 742 316 795 meo,
333 742 439 800 magno
458 724 561 780 horrori
583 723 680 795 fuisse,
698 724 808 781 homiui
826 742 911 795 novo,

124 819 203 877 illam
228 820 327 895 ipsam,
350 838 560 894 quamcumque
587 820 699 896 assequi
725 821 860 896 potuerit,
881 821 943 877 ino

123 916 251 975 diceudo
277 916 524 973 mediocritatemt
569 916 647 978 Quis
669 927 794 973 uestrum
819 936 911 992 requa-

123 1012 192 1083 lem,
205 1013 245 1074 Q.
261 1012 391 1084 Varium,
406 1023 517 1073 vastum
535 1013 679 1071 hominem
695 1025 778 1088 atqua
793 1014 910 1086 foedum,

123 1128 184 1167 uon
205 1109 349 1186 intelligit,
371 1110 420 1167 illa
444 1110 506 1185 ipsd
533 1110 679 1181 facultate,
700 1128 911 1185 quamcumque

124 1205 222 1281 habet,
243 1224 377 1283 maguam
404 1224 467 1265 esse
494 1206 525 1264 in
552 1206 669 1266 civitate
695 1207 815 1285 gratiam
843 1226 911 1265 con·

124 1302 276 1367 secutum?
926 1312 958 1362 ιθ

163 1488 277 1565 XXVI.
306 1493 364 1552 Sed
388 1494 455 1570 quia
478 1493 514 1551 da
538 1506 652 1553 oratore
674 1495 835 1571 quaerimus,
859 1496 911 1553 fin·

124 1591 236 1667 gendos
250 1599 293 1647 est
306 1590 390 1647 nobis
403 1591 533 1649 oratione
548 1592 655 1662 nostra,
669 1592 807 1649 detractis
819 1592 910 1649 omni·

124 1686 180 1743 bus
197 1686 282 1758 vitiis,
302 1698 406 1759 orator,
427 1698 512 1761 atquc
533 1688 612 1744 omni
633 1688 718 1745 laude
738 1687 909 1743 cumulatus.

123 1782 229 1858 Neque
255 1783 342 1855 enim,
370 1784 394 1841 si
421 1784 576 1841 multitudo
607 1783 709 1854 litium,
736 1782 762 1839 si
789 1782 911 1839 varietas

125 1898 286 1951 causarum,
302 1880 326 1937 si
347 1880 408 1937 haec
429 1880 513 1938 turba
526 1890 556 1935 et
570 1879 702 1936 barbaria
722 1878 842 1936 forensis
860 1879 909 1935 dat
926 1887 957 1937 15

124 1974 220 2033 locum
241 1976 285 2033 val
312 1974 500 2033 vitiosissimis
527 1976 698 2046 oratoribus,
720 1975 829 2033 idcirco
855 1994 909 2033 nos

123 2072 190 2144 hoc,
205 2072 282 2147 quod
303 2072 465 2147 quaerimus,
487 2072 660 2129 omittemus.
701 2073 802 2146 Itaque
823 2072 852 2129 in
873 2072 909 2129 iis

123 2168 242 2240 artibus,
257 2168 287 2226 in
308 2168 411 2244 quibus
431 2188 489 2227 non
511 2168 619 2225 utilitas
632 2169 765 2244 quaritur
779 2188 910 2227 necessa·

122 2266 175 2334 ria,
197 2266 248 2323 sed
269 2265 356 2323 animi
376 2265 467 2323 libera
486 2266 615 2340 quaedam
636 2266 802 2336 oblectatio,
823 2285 908 2340 quam

122 2362 285 2438 diligenter,
300 2372 328 2419 at
349 2380 433 2435 quam
453 2380 543 2437 prope
563 2361 710 2420 fastidiose
726 2361 906 2437 judicamus!
924 2369 956 2419 2⁰

122 2458 153 2517 N
156 2458 219 2516 ullae
240 2458 316 2515 enim
335 2457 410 2515 lites·
422 2476 515 2532 neque
537 2457 736 2515 controversia
754 2467 830 2529 sunt,
845 2477 909 2533 quas

123 2563 230 2631 cogant
249 2554 390 2621 homines,
405 2554 481 2611 sicut
500 2554 531 2611 in
552 2554 614 2611 foro
633 2574 691 2611 non
713 2556 801 2612 bonos
816 2566 910 2613 orato·

122 2669 179 2721 res,
194 2650 261 2707 item
276 2652 306 2707 in
319 2652 433 2707 theatro
455 2661 566 2708 actores
586 2651 676 2708 malos
695 2652 814 2726 perpeti.
856 2653 909 2711 Est

123 2747 210 2824 igitur
237 2746 343 2807 oratori
370 2747 521 2823 diligenter
548 2747 765 2824 providendum,
785 2767 844 2805 non
865 2750 908 2806 uti

123 2842 180 2902 illis
199 2844 366 2915 satisfaciat,
388 2845 492 2919 quibus
519 2864 639 2902 necesse
662 2853 721 2913 est3
749 2844 799 2901 sed
820 2855 852 2902 ut
872 2846 908 2902 iis
922 2847 954 2896 25

123 2939 298 2999 admirabilis
324 2958 387 2997 esse
413 2940 553 3013 videatur,
577 2940 680 3015 quibus
705 2940 795 2998 libere
821 2940 908 2996 liceat

120 3035 258 3115 judicare.
300 3035 357 3113 Ac,
371 3035 396 3093 si
415 3036 555 3115 queritis,
572 3035 666 3114 plane,
686 3035 755 3123 quid
775 3034 906 3104 acnuam,

355 3133 375 3191 5
