2109 3417
110 266 166 322 104
425 276 468 322 ur:
489 262 651 321 onironn.
864 275 904 335 [n
916 276 937 321 r.

155 426 197 481 vis
216 437 341 501 repente,
362 425 404 481 vel
427 443 443 482 a
461 425 569 500 peritis,
584 425 627 482 vel
649 423 685 482 de
707 423 786 481 libris
804 424 936 500 depromi

153 531 254 596 potest.
307 519 407 594 Itaque
427 521 467 578 illi
489 521 667 578 disertissimi
688 519 815 578 homines
837 521 937 577 minis·

154 626 212 673 tros
227 617 332 674 habeut
346 617 374 673 in
395 619 489 674 causis
506 617 577 692 juris
597 616 713 690 peritos,
728 635 793 673 cum
808 615 861 690 ipsi
876 616 936 673 si'nt

155 712 366 788 imperitissimi,
378 723 406 769 et
419 714 466 787 qui
480 713 525 790 (ut
540 714 589 770 abs
603 723 630 769 te
644 713 729 788 poulo
744 722 808 769 ante
823 711 935 768 dictum

122 811 139 860 5
155 811 210 887 est)
226 809 393 884 'pragmatici
407 819 552 866 vocantur.
593 808 626 864 In
642 827 697 882 quo
711 807 800 864 nostri
815 808 934 864 omnino

154 905 254 961 melius
286 905 386 976 multo,
419 905 493 979 quod
528 905 749 964 clarissimorum
784 903 933 960 hominum

155 1002 322 1058 auctoritate
345 1001 422 1076 leges
447 1011 475 1058 et
496 1001 560 1077 jura
586 1009 662 1056 tecta
688 1019 750 1056 esse
774 999 930 1057 voluerunt.

155 1097 211 1154 Sed
233 1107 328 1154 tumen
348 1115 406 1153 non
421 1097 539 1172 fugisset
553 1097 609 1153 hoc
622 1097 739 1152 Graecos
753 1096 891 1166 homines,
906 1095 932 1152 si

154 1192 195 1250 ita
206 1211 324 1248 necesse
344 1210 406 1248 esse
427 1192 554 1248 arbitrati
574 1201 667 1247 essent
683 1201 822 1247 oratorem
838 1191 930 1265 ipsum

108 1288 139 1338 1⁰
153 1288 265 1345 erudire
286 1288 314 1344 in
332 1289 395 1364 jure
415 1287 500 1359 civili,
515 1305 572 1347 non
587 1287 614 1344 ei
627 1287 833 1364 pragmaticum
853 1287 931 1363 adju·

153 1395 243 1442 torem
258 1384 333 1441 dare.
701 1387 702 1392 ’

191 1577 256 1636 Lx.
287 1577 373 1649 Nem,
393 1577 468 1652 quod
495 1576 569 1633 dicis
593 1583 796 1633 “senectutem
824 1595 840 1632 u
866 1575 930 1633 soli·

152 1675 251 1732 tudine
271 1674 408 1732 vindicari
426 1673 498 1750 juris
518 1673 609 1730 civilis
629 1672 788 1743 scientid;'’
810 1672 929 1728 fortusse

152 1771 237 1829 etiam
251 1772 379 1848 pecunie
394 1769 596 1847 magnitudine.
637 1769 694 1825 Sed
713 1787 775 1839 nos,
789 1787 846 1824 non
861 1768 929 1842 quid

106 1867 138 1916 15
152 1868 233 1926 nobis
253 1868 332 1939 utile,
346 1887 442 1924 verum
463 1867 530 1941 quid
551 1864 655 1922 oratori
676 1865 865 1922 necessarium
881 1864 928 1935 sit,

152 1963 319 2038 querimus:
341 1981 511 2037 quanquam,
525 1961 659 2035 quoniam
680 1960 769 2016 multe
790 1960 823 2017 ad
838 1971 929 2017 orato-

151 2059 190 2116 ris
203 2059 417 2115 similitudinem
435 2059 470 2113 nb
489 2076 547 2113 uno
567 2057 674 2114 artifice
695 2055 841 2127 sumimus,
856 2056 929 2114 solet

151 2151 227 2208 idem
249 2151 374 2209 Roscius
397 2151 503 2221 dicere,
524 2169 565 2218 se,
587 2169 642 2224 quo
667 2149 731 2224 plus
756 2149 810 2206 sibi
838 2151 928 2206 aetatis

104 2348 136 2398 ut
151 2353 197 2400 tus
222 2343 404 2414 remissiores,
425 2361 487 2399 esse
514 2342 663 2399 facturum.
716 2342 803 2404 Quod
825 2342 927 2414 siille,

153 2440 283 2498 astrictus
296 2440 374 2496 certd
390 2440 511 2513 quddam
533 2457 714 2495 numerorum
735 2439 928 2520 moderatione

151 2546 181 2592 et
199 2535 313 2610 pedum,
326 2545 423 2592 tamen
444 2535 549 2610 aliquid
571 2535 603 2592 nd
625 2533 752 2608 requiem
773 2535 929 2593 senectutis

151 2631 302 2708 excogitet,
317 2636 422 2705 quanto
434 2631 548 2689 facilius
562 2649 614 2687 nos
628 2649 683 2688 non
703 2631 797 2687 laxare
818 2631 926 2702 modos,

151 2728 201 2785 sed
220 2737 296 2785 totos
314 2737 434 2798 mutare,
448 2729 616 2803 possumus?
656 2726 758 2801 Neque
778 2727 854 2783 enim
873 2727 928 2784 hoc

104 2831 136 2882 25
150 2834 189 2894 te,
205 2824 316 2896 Crasse,
331 2824 412 2896 fallit,
426 2843 510 2900 quam
530 2823 619 2881 multa
638 2813 695 2880 sint
708 2833 736 2880 et
750 2842 833 2898 quam
852 2821 928 2880 varic

151 2939 257 2999 genera
279 2921 410 2990 dicendi;
446 2919 501 3000 [et]
526 2919 601 2995 quo'd
625 2919 700 2976 haud
724 2919 813 2976 sciam
838 2937 873 2976 an
896 2929 928 2977 tu

151 3017 259 3095 primus
272 3017 439 3092 ostenderis,
450 3017 500 3094 qni
514 3016 626 3094 'jamdiu
641 3015 730 3076 multo
744 3015 817 3074 dicis
831 3015 929 3074 renis-
