2109 3417
108 299 153 359 vo
432 310 477 357 ne
497 308 661 359 onanonu.
865 309 954 371 [nu.

159 460 275 534 quando
295 478 313 519 a
330 479 363 519 se
383 470 458 533 actu,
472 460 563 519 multe
582 460 619 519 ab
640 458 703 519 aliis
723 458 831 532 audita,
849 458 953 519 memi-

158 566 272 617 nerunt.

197 653 300 716 Quare
319 654 456 715 confiteor
476 654 620 729 equidem,
634 653 718 730 hujus
732 652 800 711 boni
815 662 949 711 naturam

158 767 223 809 esse
241 750 411 827 prinoipem,
432 750 509 809 siout
535 768 634 807 earum
659 768 765 821 rerum,
786 747 948 824 dequibus

125 853 227 905 sante
244 846 359 905 locutus
382 865 456 918 sum,
479 845 632 905 omniumz'
656 845 705 903 eed
730 845 792 903 beo
817 863 863 903 ars
886 855 948 902 totu

158 942 285 1014 dicendi,
299 942 360 1001 sire
381 942 449 1001 artis
469 942 565 1019 imago
586 942 715 1016 quaedam
735 951 779 999 est
799 951 828 999 et
848 940 949 999 simili·

157 1039 239 1110 tudo,
261 1039 348 1097 habet
373 1039 449 1097 hauc
476 1038 543 1109 vim,
565 1056 623 1095 non
651 1046 682 1097 ut
708 1047 799 1095 totum
827 1036 947 1112 aliquid,

157 1134 242 1211 cujus
255 1136 286 1193 in
299 1135 425 1212 ingeniis
443 1134 550 1193 nostris
568 1153 634 1211 pars
654 1133 733 1192 nulla
751 1133 796 1205 eit,
810 1133 903 1209 pariat
917 1143 948 1191 et

156 1241 298 1305 procreet,
320 1249 418 1289 rerum
445 1241 476 1288 ut
500 1250 546 1301 ea,
568 1249 632 1305 que
655 1240 722 1287 sunt
748 1239 811 1287 orta
833 1229 892 1305 jam
915 1229 946 1287 in

109 1334 142 1383 1⁰
157 1326 241 1385 nobie
272 1337 303 1385 et
334 1337 495 1403 procreata,
529 1326 634 1384 educet
668 1336 752 1401 atque
786 1324 945 1385 confirmet.

154 1422 362 1481 Verumtamen
383 1441 476 1498 neque
495 1432 554 1479 tam
570 1422 630 1480 acri
643 1421 782 1481 memorii
796 1421 855 1479 lere
869 1420 948 1496 quis-

156 1538 242 1596 quam
266 1529 319 1592 est,
342 1531 383 1591 ut,
406 1538 466 1577 non
489 1518 639 1595 dispositis·
662 1517 824 1592 notatisque
846 1518 946 1590 rebus,

154 1615 286 1676 ordinem
307 1616 454 1695 uerborum
475 1624 524 1697 aut
544 1613 750 1695 sententiarum
770 1614 947 1689 complecta·

155 1722 218 1784 tur;
245 1701 339 1789 neque
358 1730 427 1769 vero
446 1722 504 1769 tam
528 1710 636 1783 hebeti,
656 1721 688 1769 ut
708 1709 779 1769 nihil
799 1709 855 1767 hac
876 1727 946 1767 con·

109 1808 308 1867 nsuetudine
341 1818 371 1865 et
406 1807 613 1865 exercitatione
651 1806 806 1883 adjuretur.
860 1805 947 1863 Vidit

154 1903 232 1961 enim
256 1902 312 1961 boc
333 1901 489 1978 prudenter
511 1901 571 1959 sive
591 1899 767 1972 Simonides,
788 1898 848 1959 sire
870 1898 947 1957 alius

155 1998 220 2076 quis
238 1998 357 2069 invenit,
377 2016 413 2057 ea
432 1998 556 2055 maxime
577 1996 680 2055 animis
701 1994 800 2075 effingi
826 1994 945 2067 nostris,

155 2113 219 2170 quse
246 2104 344 2152 essent
370 2113 388 2151 a
413 2112 499 2153 seusu
533 2093 639 2151 tradita
671 2102 755 2169 atque
788 2091 944 2168 impressa;

155 2190 327 2249 acerrimum
347 2200 443 2249 autem
463 2209 500 2247 ex
519 2188 653 2249 omnibus
678 2188 785 2247 nostris
811 2187 945 2247 sensibus

106 2296 218 2348 messe
248 2304 364 2345 sensum
389 2285 523 2345 videndi:
556 2304 644 2361 qnare
677 2284 813 2347 facillime
846 2283 945 2341 animo
1040 2290 1041 2295 ’

154 2382 246 2441 teneri
266 2400 350 2457 posse
367 2402 415 2455 ea,
435 2402 499 2458 quse
518 2382 734 2458 perciperentur
756 2382 871 2441 auribus
894 2390 945 2439 aut
1040 2424 1041 2447 r

154 2478 341 2555 cogitatione,
362 2477 387 2537 si
407 2478 494 2537 etium
515 2478 666 2537 oculorum
693 2477 945 2537 commendatione

155 2574 258 2633 animis
277 2575 474 2645 traderentur3
495 2584 528 2631 ut
548 2594 593 2633 res
614 2592 715 2645 cecus,
732 2582 762 2631 et
775 2574 811 2631 ab
826 2573 943 2648 adspec-
1040 2634 1041 2639 ,

153 2668 200 2728 tiss
222 2669 335 2747 judicio
363 2679 497 2741 remotas,
524 2668 713 2729 conformatio
745 2668 885 2744 quedam,
912 2677 944 2725 et

106 2780 139 2831 25
154 2763 259 2843 imago,
278 2775 310 2825 et
328 2765 422 2843 ligura
446 2763 488 2822 ita
512 2772 635 2836 notaret,
656 2773 689 2822 ut
714 2781 759 2835 ea,
779 2782 842 2839 que
863 2761 945 2840 cogi·

152 2861 242 2921 undo
260 2859 417 2939 complecti
435 2878 496 2919 non
515 2876 675 2937 possemus,
696 2858 836 2918 intuendo
860 2858 943 2936 quasi

153 2968 324 3017 tenemus.
