2109 3417
100 269 144 330 *ld
421 278 466 327 os
488 238 654 328 omrem„
863 279 936 339 [nr

147 444 292 503 perpauca
315 439 399 499 sunt;
434 428 539 490 delude
564 447 664 487 eorum
691 446 828 506 generum
851 430 936 505 qnasi

150 524 277 599 quiedam
301 527 429 583 membra
452 526 616 600 dispertiam
643 536 703 582 tum
729 526 871 602 propriam
886 544 938 583 cu·

148 619 248 696 jusque
275 621 331 679 rim
355 621 522 681 definitione
543 622 686 693 declaret-3
714 617 870 699 perfectam
892 641 938 679 ar·

149 726 206 774 tem
224 717 296 793 juris
316 718 409 775 civilis
430 718 581 790 habebitis,
596 719 688 795 magis
701 737 833 794 magnam
848 730 936 793 atque

119 812 276 885 ouberem,
296 832 381 889 quarn
402 814 548 871 difficilem
570 825 654 890 atque
680 816 840 873 obscuram.
881 816 937 871 At·

150 928 206 985 que
239 910 349 968 interes
381 920 488 983 tamen,
516 911 584 969 dum
611 912 683 982 hec,
710 930 772 986 quse
805 910 938 985 dispersa
1038 951 1039 960 ι

150 1016 227 1078 sunt,
251 1018 405 1083 coguntur,
426 1008 469 1065 vel
490 1007 596 1083 passim
617 1008 686 1065 licet
712 1017 876 1082 carpentem
904 1017 936 1065 et

151 1103 335 1180 colligentem
362 1104 488 1179 undique
511 1103 615 1178 repleri
638 1103 716 1179 justi
739 1103 812 1180 juris
839 1102 936 1161 civilis
1040 1139 1041 1172 3

150 1200 282 1258 scientia.

107 1397 138 1445 1⁰
191 1391 302 1451 XLIII.
330 1391 437 1449 Nonne
464 1391 576 1463 videtis,
603 1391 728 1467 equitem
757 1391 934 1465 Romanum,
1042 1375 1043 1384 ἵ

152 1489 296 1547 hominem
318 1488 483 1546 acutissimo
503 1488 630 1570 omnium
647 1488 774 1566 ingenio,
787 1489 837 1547 sed
852 1490 935 1547 mini-

151 1585 316 1643 macereris
337 1584 444 1642 artibus
463 1584 617 1654 eruditum,
631 1584 664 1643 C.
680 1586 869 1656 Aculeonem,
884 1586 933 1661 qui

151 1700 264 1740 mecum
293 1681 370 1753 tivit,
399 1684 566 1757 semperque
591 1681 671 1752 vixit,
698 1681 739 1739 ite
763 1694 863 1739 tenere
886 1683 934 1758 jus

153 1780 248 1851 civile,
262 1778 344 1850 utel,
359 1798 425 1837 curn
447 1779 482 1835 ab
503 1778 559 1835 hoc
579 1778 777 1849 discesseritis,
791 1797 877 1835 nemo
897 1778 933 1837 de

107 1888 138 1938 15
153 1877 199 1949 iis,
220 1877 268 1952 qui
287 1876 451 1951 peritissimi
471 1885 548 1946 sunt,
570 1876 774 1951 anteponatur?
827 1874 934 1934 Omnia

152 1973 228 2031 enim
252 1983 318 2029 sunt
338 1972 431 2049 posita
452 1982 518 2029 ante
538 1972 648 2042 oculos,
668 1971 810 2029 collocata
829 1971 858 2027 in
878 1990 933 2028 usu

151 2068 329 2144 quotidiano,
350 2068 380 2124 in
401 2068 605 2145 congressione
631 2067 777 2125 hominurn
798 2077 883 2141 atque
904 2068 933 2125 in

153 2163 230 2221 loro:
260 2182 354 2238 neque
377 2164 417 2221 ita
441 2163 538 2221 multis
558 2163 649 2221 literis
672 2173 721 2220 ant
742 2163 934 2220 voluminibus

152 2258 264 2334 magnis
291 2259 491 2316 continentur:
525 2259 626 2315 eadem
658 2258 736 2315 enim
767 2269 834 2315 sunt
859 2259 934 2317 elata

106 2362 138 2412 20
152 2355 274 2431 primum
289 2374 305 2413 a
318 2355 462 2429 pluribus;
490 2355 604 2426 deinde,
625 2355 724 2430 paucis
745 2356 837 2412 verbis
856 2374 934 2413 corn·

152 2451 277 2522 mutatis,
306 2452 390 2509 etiam
419 2452 454 2509 ab
481 2451 582 2509 iisdem
616 2451 803 2526 scriptoribus
828 2453 934 2528 scripta

152 2556 219 2604 sunt
232 2546 341 2622 sepius
383 2547 507 2605 Accedit
523 2566 601 2619 vero,
616 2566 672 2622 quo
692 2546 805 2604 facilius
823 2549 933 2623 percipi

152 2644 347 2719 cognoscique
375 2644 422 2721 jus
448 2643 533 2700 civile
564 2644 664 2719 possit,
692 2642 784 2719 (quod
815 2645 934 2701 minime

151 2739 278 2816 plerique
299 2740 484 2818 arbitrantur)
506 2740 578 2798 mire
598 2740 727 2814 quasdem
755 2738 785 2796 in
813 2758 933 2816 cognos-

105 2842 138 2894 25
152 2837 245 2895 cendo
264 2836 388 2893 suavitas
408 2845 437 2892 et
457 2834 618 2893 delectatio.
659 2834 747 2907 Nam,
767 2836 828 2893 sive
848 2855 931 2911 quem

153 2932 247 2991 aliena
266 2931 360 3005 studio
380 2932 544 3000 delectant;
561 2931 684 3006 plurima
700 2941 752 3002 est,
767 2931 840 2988 etin
853 2932 932 2990 omni

149 3030 214 3110 jure
237 3028 325 3101 cirili,
348 3038 377 3087 et
400 3028 431 3089 ia
453 3027 619 3107 pontificum
641 3027 733 3098 libris,
754 3036 784 3085 et
806 3026 838 3085 io
860 3026 933 3090 XII·
