2109 3417
136 307 194 367 160
453 315 497 364 nn
518 315 711 372 onsuoan,
869 315 913 376 [ι.
924 315 970 364 111.
1029 291 1030 300 ‘

180 475 226 523 ata
249 483 285 522 aa
307 465 463 541 produnta3
493 465 621 522 membra
644 464 694 522 illa
716 464 882 524 modificata
904 483 969 523 esse

178 561 341 620 debebunt:
374 581 437 636 quae
462 562 487 620 si
514 562 544 619 in
570 573 698 620 extremo
716 562 858 620 vbreviora
890 573 967 636 suut,

179 657 343 734 infringitur
376 659 424 724 iile
455 658 537 732 quasi
563 659 713 715 verborum
747 659 889 716 ambitus:
926 661 968 716 sie
1029 725 1030 730 ἵ

179 754 255 811 enim
270 754 322 812 has
334 754 472 812 orationis
485 754 686 811 conversiones
696 753 792 810 Graeei
806 755 965 812 nominant„

148 858 165 907 ὅ
178 849 280 911 Quare
293 862 342 908 ant
353 850 433 925 patin
445 868 508 906 esse
522 849 627 906 debent
640 849 798 923 posteriora
812 851 966 922 superiori·

178 946 241 1016 bns,
255 957 382 1003 extrema
399 946 508 1021 primis,
524 955 572 1004 aut
591 943 680 1022 (quod
700 944 788 1004 etiam
802 955 848 1003 est
862 947 965 1004 melius
1029 949 1030 956 ’

178 1052 207 1100 et
216 1041 385 1120 jucundius)
399 1041 538 1118 longiora.

215 1232 326 1292 XLIX.
356 1234 453 1309 Atque
467 1233 530 1292 has
543 1233 656 1308 quidem
672 1233 757 1292 abiis
770 1233 962 1311 philosophis,

177 1340 293 1404 questu
306 1331 429 1388 maxime
442 1330 547 1406 diligis,
562 1329 673 1401 Catule,
687 1330 766 1387 dicta
778 1341 864 1402 sunt3
886 1333 962 1408 quod
1029 1383 1030 1404 ,

132 1432 163 1481 10
176 1445 213 1484 eo
237 1427 340 1502 saepius
366 1426 512 1498 testificor,
540 1434 580 1497 ut,
609 1425 771 1483 auctoribus
796 1425 960 1501 laudandis,
1029 1479 1030 1484 ,

176 1522 346 1599 ineptiarum
361 1524 469 1581 crimen
481 1522 625 1598 effugiam.
780 1583 796 1592 ⁴,

213 1620 347 1681 Quarum
371 1619 505 1677 taudem?
537 1618 628 1693 inquit
651 1617 786 1688 Catulus3
817 1629 869 1676 aut
893 1620 960 1696 quid

176 1715 367 1792 disputatione
392 1714 447 1770 ista
474 1714 568 1771 afferri
593 1722 686 1789 potest
711 1713 885 1790 elegantius,
913 1727 962 1774 aut

175 1812 294 1868 omnino
314 1811 372 1868 dici
392 1810 542 1868 subtilius?
583 1811 623 1866 At
642 1809 719 1866 enim
739 1827 849 1882 vereor,
869 1813 961 1888 inquit

131 1919 162 1967 15
175 1906 306 1976 Crassus,
325 1925 364 1964 ne
383 1905 455 1979 han„
465 1915 513 1962 aut
539 1905 700 1962 difficiliora
726 1905 787 1962 istis
808 1907 844 1966 ad
865 1927 961 1983 perse-

175 2001 318 2077 quendum
333 2021 395 2058 esse
409 2001 564 2072 videantur,
580 2009 637 2071 aut,
652 2001 790 2075 quianon
806 2003 959 2062 traduntur

175 2098 205 2155 in
232 2097 340 2173 vulgari
373 2097 427 2154 ista
459 2097 620 2172 disniplind,
648 2115 700 2154 uos
726 2115 761 2154 ea
786 2099 899 2174 majora
925 2119 960 2158 an

174 2193 335 2250 difficiliora
347 2193 436 2250 uideri
450 2192 521 2249 velle
535 2192 688 2250 videamur.
729 2192 807 2250 Tum
825 2194 957 2268 Catulus,

174 2288 271 2360 Erras,
298 2289 399 2363 inquit,
426 2289 539 2360 Crasse,
566 2288 590 2345 si
617 2299 667 2345 aut
693 2307 748 2361 me,
778 2301 826 2348 aut
853 2290 959 2350 horum

128 2395 160 2445 20
175 2403 353 2459 quemquam,
367 2394 449 2460 putas
469 2403 486 2441 a
504 2394 533 2441 te
553 2384 615 2442 hau
634 2403 721 2460 opera
741 2385 911 2460 quotidiana
930 2398 959 2445 et

173 2490 324 2557 pervagata
356 2490 528 2554 exspectare.
581 2479 650 2552 Ista,
683 2499 745 2554 quae
779 2481 863 2553 diuis,
898 2483 957 2542 diei

173 2577 317 2645 volumus;
339 2594 431 2650 neque
450 2586 509 2633 tam
528 2575 597 2647 diei,
611 2595 695 2650 quam
710 2577 764 2634 isto
778 2576 837 2634 diui
851 2581 954 2636 modo:

174 2691 267 2746 neque
287 2672 339 2730 tibi
358 2672 414 2728 hoe
433 2670 484 2746 nro
501 2690 548 2729 me
562 2673 663 2744 solum,
677 2672 727 2730 sed
740 2691 794 2748 pru
806 2672 852 2730 his
865 2676 956 2732 omui·
1029 2693 1030 2710 ³

174 2769 236 2838 bus,
250 2768 313 2824 sine
326 2768 384 2824 ulld
397 2767 574 2826 dubitatione
590 2770 756 2843 respondeo.
798 2769 863 2846 Ego
878 2789 954 2842 vero,

128 2869 160 2918 25
174 2863 266 2939 inquit
284 2863 437 2934 Antonius,
452 2863 548 2920 iuveni
568 2865 692 2935 tandem,
713 2880 796 2939 quem
817 2866 955 2942 negdram

174 2960 204 3019 iu
223 2978 269 3032 eo,
288 2976 374 3034 quem
396 2959 508 3035 scripsi,
527 2959 634 3031 libello,
655 2979 702 3018 me
723 2959 875 3033 invenisse,
898 2963 956 3020 elo-

171 3066 315 3130 quentem.
355 3053 413 3112 Sed
426 3072 463 3111 eo
475 3064 505 3114 te
518 3075 555 3115 na
573 3056 710 3114 laudandi
729 3055 845 3131 quidem
864 3059 960 3118 sauss-
