2109 3417
126 245 168 303 ω
449 261 493 308 nn
514 261 677 311 enmono.
885 259 925 320 [n.
936 259 956 306 1.

174 415 206 462 ut
224 407 311 482 paulo
332 417 397 465 ante
417 407 548 483 exposuit
561 407 715 479 Antonius,
729 425 765 464 ex
778 407 863 464 rebus
875 405 957 482 peni·

174 513 219 560 tus
233 505 399 579 perspectis,
413 505 553 580 planeque
567 504 701 580 cognitis,
717 514 801 577 utque
816 504 851 559 eb
864 501 957 577 opini-

174 601 238 656 onis
252 601 368 657 arbitrio
379 601 525 677 sejunctis,
537 600 713 675 seientidque
725 597 954 673 comprehensim

175 679 322 753 non'mihi
344 697 454 753 videtur
475 716 520 753 ars
539 697 658 754 oratoris
678 714 740 752 esse
761 695 825 753 ulle
879 695 957 750 Sunt

142 791 250 848 5enim
272 793 408 862 varia,·et
429 793 464 849 ad
486 793 629 868 vulgarem
651 791 872 867 popularemque
892 808 957 856 sen·

174 907 235 944 sum
258 889 474 946 accommodate
494 887 591 944 omnia
611 905 717 964 genere
738 885 821 962 hujus
834 885 956 943 forensis

85 1051 88 1055 ἱ
174 996 277 1042 nostre
298 984 442 1041 dictionis.
484 984 536 1040 Sin
559 994 652 1040 autem
673 1003 717 1054 ee,
731 1002 793 1057 quae
808 983 957 1040 observate

174 1080 283 1138 suntin
298 1099 351 1135 usu
372 1099 406 1135 ne
426 1080 536 1136 ratione
557 1078 681 1149 diuendi,
697 1079 757 1136 lraee
779 1080 814 1136 ab
834 1077 956 1135 homini·

174 1177 227 1232 bus
252 1176 363 1233 callidis
384 1195 418 1233 ae
438 1175 536 1251 peritis
564 1175 758 1232 animadversa
785 1193 819 1232 ee
845 1184 955 1246 notata,

127 1283 158 1332 10
174 1273 268 1328 verbis
293 1273 450 1348 designata,
477 1271 630 1348 generibus
656 1271 804 1342 illustrate,
828 1271 956 1347 pertibus

173 1368 325 1424 distributa
342 1382 419 1438 sunt,
433 1368 484 1443 tid
505 1367 582 1441 quod
603 1367 664 1424 fieri
687 1367 812 1442 potuisse
839 1367 953 1446 rideo;)

173 1481 231 1520 non
260 1463 398 1539 intelligo,
426 1464 609 1539 quamobrem
635 1481 706 1532 non,
734 1463 757 1520 si
785 1463 879 1530 minus
905 1462 955 1518 illd

173 1558 269 1616 subtili
291 1559 466 1630 definitione,
488 1569 516 1616 at
536 1559 591 1616 hae
611 1559 720 1636 vulgari
743 1558 890 1635 opinione,
910 1577 955 1616 ers

173 1674 237 1712 esse
258 1644 401 1714 rideaturs
435 1656 492 1713 Sed
513 1656 573 1712 sive
593 1666 636 1712 est
656 1675 711 1726 ars,
726 1655 785 1712 sire
800 1654 867 1711 artis
880 1673 955 1728 qure-
1043 1697 1044 1718 ,

126 1771 158 1821 15
172 1753 237 1809 dam
259 1752 424 1823 similitudo,
446 1768 504 1809 non
524 1763 568 1809 est
588 1751 702 1826 quidem
717 1770 752 1808 ee
764 1750 952 1826 negligenda:

173 1869 269 1906 rerum
286 1849 502 1924 intelligendum
523 1858 576 1918 est,
593 1848 648 1904 alie
661 1847 790 1921 quedam
805 1846 838 1903 ad
854 1865 954 1905 eonse-

171 1946 313 2022 qnendrm
328 1944 520 2020 eloquentiam
534 1963 596 2000 esse
611 1943 726 2018 majore

212 2136 326 2192 xxiv.
348 2135 425 2192 Tum
446 2135 590 2196 Antonius
610 2135 791 2191 vehementer
811 2155 841 2192 se
861 2154 954 2194 assen-

173 2232 227 2288 tire
247 2233 353 2288 cresso
374 2231 454 2299 dixit,
469 2230 544 2304 quod
566 2249 656 2305 neque
678 2230 717 2287 ita
738 2232 954 2306 amplecteretur

125 2345 158 2394 20
175 2340 273 2398 urtem,
288 2338 319 2384 ut
334 2327 353 2383 ii
367 2327 500 2392 solerent,
514 2327 563 2401 qui
582 2345 696 2384 omnem
718 2329 774 2384 vim
795 2327 910 2400 dicendi
924 2327 953 2384 in

174 2434 402 2498 arteponerent,
423 2441 515 2497 neque
537 2441 647 2480 rursum
670 2441 732 2480 eam
760 2434 859 2495 totam,
880 2424 954 2480 siout

173 2521 301 2596 plerique
324 2519 485 2594 philosophi
512 2519 650 2590 facerent,
672 2520 841 2594 repudiaret.
896 2519 952 2576 Sed

173 2617 316 2687 existimo,
338 2614 439 2690 inquit,
453 2612 572 2690 'gratum
597 2625 625 2672 te
649 2615 703 2686 his,
728 2614 840 2685 Crasse,
865 2615 954 2672 faetu-

173 2733 246 2784 rum‚
260 2713 285 2770 si
299 2713 353 2768 ista
373 2711 548 2786 exposueris,
563 2729 625 2785 quae
644 2722 728 2786 putas
747 2711 781 2767 ad
800 2710 953 2768 dicendum

126 2830 159 2880 25
173 2811 246 2887 plus,
260 2827 345 2884 quam
360 2807 450 2882 ipsum
465 2817 565 2877 artem,
578 2825 660 2882 posse
672 2807 816 2881 prodesse.

213 2906 316 2963 Dieom
335 2903 479 2977 equidem,
500 2902 636 2977 quoniam
662 2901 781 2972 institui,
802 2911 953 2978 petamque

175 3000 299 3072 arabis,
320 2998 421 3074 inquit,
442 3017 480 3058 ne
499 2999 551 3056 hes
571 3015 649 3056 meus
670 2997 791 3080 ineptiae
813 2996 951 3068 efferetis;
