2109 3417
9 337 14 380 ς
114 325 209 384 aru]
399 323 443 372 ns
465 323 629 372 carrona.
897 297 954 368 155

115 473 233 530 dicendi
260 473 400 548 consequi
430 474 536 549 posset
589 471 659 530 Non
692 479 737 528 cst
769 489 814 530 res
847 477 906 527 tam

7 609 12 644 ς
114 570 251 642 difficilis,
271 589 356 646 quam
376 570 556 628 necessaria:
584 569 655 628 nihil
683 577 727 625 est
749 567 827 624 enim
847 576 907 624 tam

7 706 10 742 ἐ
114 678 256 738 tenerum,
277 685 371 742 neque
390 677 450 724 tam
473 667 610 738 flexibile,
630 683 723 741 neque
749 663 827 739 quod
846 673 906 720 tam

7 802 11 827 f
115 763 201 819 facile
220 773 365 838 sequatur,
380 781 563 839 quocumque
583 761 682 833 ducas,
697 780 783 836 quam
802 759 905 818 oratio,
955 830 958 836 Ι

7 900 11 935 2
115 858 161 916 Ex
181 859 235 916 bac
255 879 362 932 versus,
379 878 415 917 ex
433 860 536 917 eadem
556 859 684 934 dispares
704 857 817 917 numeri
837 866 936 914 con-5
996 864 1000 879 '

114 955 266 1027 ficiuntur3
288 975 324 1015 ex
337 957 393 1014 hac
412 957 475 1014 haec
491 957 578 1014 etiam
592 956 686 1014 soluta
699 954 787 1012 variis
800 953 903 1024 modis,

8 1130 9 1135 ἵ
112 1053 324 1128 multorumque
343 1073 492 1131 generum,
508 1053 609 1111 oratio.
650 1052 719 1112 Non
740 1052 816 1110 enirn
838 1058 905 1106 sunt

113 1149 171 1207 alia
182 1151 333 1222 sermonis,
350 1151 406 1208 alia
425 1150 620 1207 contentionis
638 1150 740 1206 verba:
761 1167 854 1224 neque
867 1164 905 1204 ex

7 1296 10 1313 ,
114 1246 171 1302 alio
184 1264 291 1323 genere
306 1246 342 1304 ad
356 1265 439 1304 usum
450 1245 659 1320 quotidianum,
672 1245 728 1303 alio
740 1246 774 1303 ad
786 1263 904 1303 scenam

112 1361 303 1417 pompamque
323 1351 490 1410 sumuntur3
512 1342 562 1398 sed
577 1360 612 1399 ea
625 1359 678 1398 uos
694 1359 760 1398 cum
777 1339 905 1416 jacentia
920 1350 950 1399 1⁰

8 1512 9 1517 ἵ
113 1437 282 1512 sustulimus
301 1457 318 1495 e
339 1437 445 1507 medio,
469 1437 546 1494 sicut
572 1437 768 1494 mollissimam
796 1455 903 1509 ceram,

115 1534 151 1590 ad
178 1544 308 1590 nostrum
342 1533 490 1591 arbitrium
524 1533 679 1592 formamus
704 1543 733 1588 et
759 1532 902 1608 fingimus.

113 1630 215 1704 Itaque
240 1640 301 1687 tum
328 1649 430 1708 graves
456 1649 565 1702 sumus,
593 1639 654 1688 tum
687 1627 816 1698 subtiles,
842 1637 903 1684 turn

112 1725 240 1783 medium
261 1727 397 1807 quiddam
417 1738 564 1784 tenemus:
592 1726 635 1784 sic
656 1724 815 1782 institutam
840 1741 905 1780 nos·

112 1832 186 1879 tram
200 1823 370 1880 sententiam
392 1822 519 1898 sequitur
541 1813 679 1880 orationis
695 1839 796 1898 genus,
818 1819 904 1894 idque
919 1821 949 1869 15

113 1920 149 1977 ad
169 1938 284 1976 omnem
311 1919 462 1991 rationem,
483 1930 513 1977 et
537 1920 648 1978 aurium
668 1919 852 1993 voluptatem,
874 1928 903 1975 et

112 2019 272 2074 animorum
281 2001 406 2087 motum,
421 2026 546 2074 mutatur
561 2025 589 2073 et
603 2015 729 2073 vertitur.

152 2114 210 2170 Sed
231 2113 313 2170 utin
333 2112 477 2190 plerisque
497 2114 583 2172 rebus
610 2111 815 2170 incredibiliter
843 2111 900 2170 hoc

111 2219 215 2266 natura
234 2220 278 2266 est
298 2209 360 2286 ipsa
380 2209 534 2280 fabricata3
556 2209 599 2267 sic
612 2209 642 2266 in
657 2207 796 2280 oratione,
811 2217 844 2265 ut
857 2227 901 2282 aa,

112 2323 175 2380 qua
195 2305 348 2362 maximam
370 2305 522 2363 utilitatem
544 2305 574 2362 in
594 2323 625 2362 se
646 2305 835 2376 continerent,
857 2323 903 2363 ea·
916 2311 947 2360 2⁰

112 2400 179 2458 dem
199 2400 337 2458 haberent
356 2402 511 2478 plurimum
532 2401 576 2458 vel
596 2401 754 2476 dignitatis,
769 2401 813 2458 vel
828 2420 903 2477 saepe

112 2497 198 2555 etiam
213 2498 377 2555 venustatis.
419 2497 630 2557 Incolumitatis
644 2516 679 2554 ac
692 2497 792 2556 salutis
811 2498 903 2556 omni·

111 2610 161 2650 um
175 2593 262 2650 causti
277 2593 406 2651 videmus
420 2595 498 2652 hunc
512 2603 618 2652 statum
632 2612 695 2650 esse
715 2593 800 2669 hujus
813 2594 903 2652 totius

111 2690 212 2747 mundi
234 2699 318 2764 atque
339 2701 457 2762 naturae,
472 2692 627 2748 rotundum
641 2701 672 2747 ut
685 2691 801 2762 celum,
815 2701 902 2748 terra·

111 2806 166 2863 que
180 2798 212 2843 ut
226 2787 322 2844 media
334 2787 381 2858 sit,
395 2805 487 2862 eaque
504 2787 558 2844 sub
571 2786 598 2844 ri
613 2796 740 2862 nutuque
753 2797 900 2857 teneatur3
913 2792 946 2840 25
1048 2849 1049 2856 ἵ

110 2884 154 2942 sol
181 2895 213 2941 ut
240 2884 468 2956 circumferatur,
496 2895 528 2942 ut
561 2884 680 2942 accedat
710 2884 746 2942 ad
772 2883 902 2941 brumale

110 2981 235 3058 signum,
260 2990 290 3038 et
313 2980 381 3038 inde
404 2980 510 3038 sensim
539 2980 676 3039 ascendat
703 2981 732 3038 in
760 2980 902 3038 diversam

111 3089 236 3154 partem;
267 3089 298 3136 ut
321 3079 533 3136 lunaraccessu
558 3087 587 3136 et
610 3095 726 3136 recessu
753 3095 806 3135 suo
822 3075 902 3136 'solis
