2109 3417
115 279 172 338 tro
435 289 478 338 mr
500 290 663 338 onnrorm
865 289 946 352 [nm

160 448 242 514 cepta
262 438 388 508 dicendi,
408 449 438 496 et
457 441 581 498 habeant
600 441 728 515 paratum
748 449 855 509 tamen,
876 439 945 515 qnid

160 536 196 592 de
210 537 322 610 quique
335 555 367 593 re
381 536 485 594 dicant.
527 537 585 593 Sed
606 536 775 594 Aristoteles
796 536 844 614 (is,
858 555 946 612 quem

160 632 282 688 maxime
302 651 357 708 ego
377 633 514 710 admiror)
537 633 682 709 proposuit
701 633 839 707 quosdam
853 633 945 704 locos,

160 729 317 802 exquibus
338 729 432 786 omnis
459 729 619 805 argumenti
646 728 700 800 via,
722 747 779 785 non
800 729 886 786 modo
908 729 944 786 ad

127 823 391 899 ophilosophorum
428 825 660 900 disputationem,
697 824 747 882 sed
784 825 870 882 etium
907 826 943 882 ad
1018 861 1020 866 ·

161 922 244 991 lianc,
260 921 318 996 qud
339 921 368 977 in
389 921 483 977 causis
502 921 619 991 utimur,
641 919 831 978 inveniretur:
853 940 945 997 aquo

124 1038 128 1045 ·
159 1017 273 1092 quidem
294 1017 410 1074 homine
427 1016 604 1092 jamdudum,
620 1017 812 1088 Antoninon
832 1017 943 1076 aberrat

159 1114 250 1170 oratio
264 1124 323 1184 tua,
338 1113 397 1171 sive
412 1125 441 1170 tu
456 1113 644 1170 similitudine
665 1113 741 1170 illius
761 1113 850 1175 divini
865 1114 943 1190 inge-

156 1190 200 1266 ¹nii
224 1209 252 1265 in
274 1209 376 1266 eadem
401 1209 524 1266 incurris
547 1209 677 1286 vestigia,
702 1209 761 1266 rive
784 1210 869 1268 etiam
894 1210 943 1268 illa

112 1304 219 1380 reipsa
238 1305 332 1381 legisti
353 1316 437 1380 utque
457 1305 601 1374 didicisti;
622 1305 697 1381 qnod
718 1305 831 1381 quidem
851 1306 942 1382 magis

158 1400 310 1458 verisimile
330 1401 448 1458 ridetur.
490 1401 561 1459 Plus
579 1402 655 1458 enim
676 1412 705 1459 te
725 1421 818 1477 operte
832 1402 942 1460 Grecis

158 1496 271 1553 dedisse
296 1497 381 1554 rebus
407 1497 500 1568 rideo,
522 1516 608 1571 quam
635 1498 808 1572 putdramus.
862 1497 942 1556 Tum

157 1592 215 1664 ille,
231 1594 348 1665 Verum,
370 1594 471 1668 inquit,
492 1613 528 1650 err
542 1613 588 1651 me
603 1594 710 1661 audies,
730 1593 848 1650 Catule:
869 1613 944 1652 sem·

155 1708 207 1765 per
227 1709 282 1766 ego
302 1690 470 1761 existimavi,
488 1690 689 1766 jucundiorem
716 1702 745 1748 et
771 1690 944 1766 probabilio-

110 1795 141 1843 15
157 1805 215 1844 rem
243 1787 311 1844 lruic
337 1788 443 1863 populo
467 1798 606 1844 oratorem
632 1785 699 1856 sore,
723 1786 782 1861 qui,
807 1786 942 1862 primum,

156 1902 239 1957 quam
262 1883 406 1940 minimam
428 1883 541 1940 artificii
562 1883 691 1960 alicujrm,
709 1882 941 1940 deinde-nullam

155 1979 321 2036 Graecarum
335 1997 439 2050 rerum,
454 1978 693 2055 significationem
714 1979 802 2036 daret.
843 1979 942 2054 Atque

155 2091 209 2148 ego
230 2074 304 2130 idem
326 2075 493 2145 existimavi,
507 2074 627 2150 pecudis
645 2092 718 2146 esse,
731 2093 790 2132 nou
804 2075 942 2147 hominis,

154 2186 220 2224 curn
241 2180 334 2226 tantas
354 2189 400 2227 res
419 2171 514 2227 Graeci
527 2170 714 2246 susciperent,
729 2171 942 2246 profiterentur,

107 2273 138 2322 2⁰
155 2276 280 2339 agerent,
295 2285 413 2341 seseque
426 2279 455 2324 et
469 2265 584 2324 videndi
603 2285 648 2325 res
668 2267 895 2338 obscurissimus,
910 2278 941 2327 et

154 2361 227 2417 bene
241 2362 362 2433 vivendi,
377 2374 406 2419 et
419 2363 534 2437 copiose
555 2363 670 2420 dicendi
691 2363 830 2420 rationem
849 2364 942 2421 lromi·

152 2457 237 2516 nibus
264 2460 378 2517 daturos
401 2459 613 2533 pollicerentur,
634 2478 690 2516 non
712 2460 863 2518 admovere
889 2479 941 2518 uu·

152 2573 223 2625 rem,
243 2566 281 2624 et,
302 2555 325 2612 si
345 2555 439 2630 palam
462 2555 560 2613 audire
586 2573 636 2612 eos
662 2573 720 2612 uon
749 2556 878 2627 auderes,
898 2576 939 2616 ne

152 2650 295 2706 minueres
322 2649 397 2724 apud
423 2661 489 2708 tuos
515 2651 592 2708 cives
620 2650 816 2709 auctoritatem
845 2661 937 2723 tuam,

104 2760 136 2809 25
152 2746 393 2803 subauscultando
412 2757 507 2802 tamen
528 2747 661 2822 excipere
681 2765 766 2804 voces
782 2765 891 2824 eorum,
906 2759 937 2808 et

150 2843 261 2918 procul,
283 2842 352 2916 qnid
374 2853 532 2911 narrarent,
555 2843 717 2900 attendere:
745 2844 838 2918 itaque
865 2843 934 2918 feci,

150 2938 263 3009 Catule,
277 2947 306 2994 et
323 2937 440 2995 istorum
459 2938 586 2995 omnium
607 2939 769 2998 summatim
790 2955 890 2996 caurus
904 2949 936 2998 et

150 3053 257 3114 genera
270 3033 330 3111 ipsa
343 3034 461 3111 gustari.
729 3085 739 3111 ,
