2109 3417
103 325 185 385 nul
387 326 431 373 un
453 324 617 373 untione.
866 340 869 347 ¹
901 318 942 376 ⁷³

103 472 303 551 magnitudine
315 472 502 549 praestabiles,
517 483 566 532 aut
580 474 706 533 novitate
719 472 829 549 prinae,
843 484 893 533 aut

104 588 211 648 genere
231 570 291 646 ipso
308 569 485 647 singulares:
506 588 601 646 neque
621 569 698 628 enirn
718 588 822 647 parve,
842 586 893 629 no-

103 683 160 741 que
185 666 307 737 usitatae,
327 684 421 744 neque
446 666 588 743 vulgares,
616 666 814 740 admiratione,
843 676 893 725 aut

104 761 224 820 omnino
237 762 322 821 laude
336 762 431 840 dignae
444 762 536 821 videri
549 763 651 821 solent.

142 857 195 917 Est
208 857 294 916 etiarn
309 877 376 916 oum
396 859 501 917 ceteris
520 860 721 935 prestantibus
734 858 803 917 viris
817 876 923 925 oum-5

100 955 213 1032 paratio
232 956 264 1013 in
283 956 449 1014 laudatione
464 957 612 1032 praeclara.
653 956 700 1015 De
713 976 771 1032 quo
784 974 892 1034 genere

101 1051 216 1109 libitum
228 1061 273 1109 est
291 1052 361 1110 milri
380 1053 466 1129 paulo
485 1052 577 1128 plura,
593 1070 677 1128 quum
697 1054 891 1126 ostenderam,

101 1147 209 1229 dicere,
222 1167 282 1206 non
303 1159 361 1206 tam
381 1158 497 1225 propter
516 1168 600 1207 usum
617 1149 770 1221 forensem,
784 1149 834 1226 qui
847 1160 892 1207 est

102 1262 119 1302 a
138 1263 184 1302 me
204 1244 235 1302 in
255 1244 334 1302 omni
355 1245 412 1303 hoo
431 1263 564 1302 sermone
584 1255 732 1317 tractatus,
753 1264 837 1321 quarn
858 1255 891 1303 ut

101 1340 158 1398 hoo
177 1340 321 1412 videretis,
342 1341 367 1398 si
386 1340 567 1399 laudationes
590 1350 687 1399 essent
712 1341 744 1398 in
770 1341 937 1403 oratoriolo

101 1434 198 1493 officio
225 1434 317 1514 (quod
350 1454 436 1494 nemo
467 1438 580 1515 negat),
612 1436 720 1493 oratori
752 1436 890 1495 virtutum

100 1532 229 1590 omnium
256 1532 464 1609 cognitionem,
485 1531 549 1588 sine
576 1531 633 1607 qud
657 1531 786 1589 laudatio
812 1532 888 1591 effioi

100 1646 158 1685 non
173 1628 272 1705 possit,
286 1646 350 1687 esse
363 1627 564 1685 neeessariam.

139 1724 205 1782 Jam
225 1723 405 1800 vituperandi
424 1732 568 1799 praecepta
588 1722 739 1783 contrariis
759 1742 795 1781 ax
812 1722 890 1782 vitiis

99 1820 239 1877 sumenda
258 1838 331 1891 esse,
352 1818 534 1896 perspicuum
560 1828 621 1877 est:
649 1818 732 1877 simul
753 1830 797 1877 est
816 1818 938 1887 illud15

100 1926 167 1974 ante
180 1916 290 1988 oeulos,
305 1935 360 1973 neo
374 1916 482 1972 bonurn
495 1915 587 1973 virum
602 1914 715 1992 proprie
727 1926 758 1974 et
771 1916 887 1993 oopiose

38 2011 46 2031 ⁸
97 2012 209 2071 laudari
229 2012 292 2070 sine
312 2012 458 2083 virtutum,
477 2030 534 2069 neo
555 2008 830 2088 improbnmssnotnri
852 2032 887 2071 ao

97 2108 251 2186 vituperari
275 2108 338 2165 siue
358 2106 492 2165 vitiorum
513 2107 779 2184 cognitionaliter
800 2107 892 2187 insigm

95 2206 157 2265 nite
184 2216 271 2280 atque
298 2222 397 2279 aspere
422 2222 514 2280 posse.
562 2203 659 2279 Atque
686 2204 731 2261 h'rs
748 2204 831 2263 'loeis
856 2215 886 2264 et

95 2301 233 2361 laudandi
246 2310 277 2359 et
288 2300 468 2378 vituperandi
488 2319 564 2376 srepe
583 2298 666 2359 nobis
685 2310 729 2359 est
745 2302 885 2362 utendum
900 2314 933 2367 m

97 2398 127 2455 iu
141 2396 219 2455 ornni
233 2415 340 2475 genere
352 2416 513 2456 causarum.
767 2394 769 2402 ⁸

136 2493 268 2564 Habetis,
283 2492 319 2550 de
332 2493 513 2551 inveniendis
533 2493 619 2551 rebus
632 2492 883 2572 disponendisque,

95 2589 164 2665 quid
185 2589 323 2647 sentium:
345 2590 497 2667 adjungam
516 2588 605 2647 otiam
625 2588 662 2647 de
682 2590 830 2663 memorii,
851 2602 884 2651 ut
912 2628 916 2641 ·

94 2686 194 2744 labore
206 2684 344 2743 Crassum
357 2684 459 2756 levem,
474 2703 567 2761 neque
580 2685 608 2743 ei
621 2686 774 2763 quidquam
794 2686 882 2762 uliud,

94 2782 132 2840 de
151 2799 210 2857 quo
229 2780 360 2854 disserat,
374 2780 543 2858 relinquam,
561 2781 618 2840 nisi
637 2800 682 2856 ea,
694 2782 799 2860 quibus
818 2784 882 2846 huo
896 2794 930 2845 to

93 2887 275 2939 exornentur.

132 3070 303 3133 Lxxxvn
333 3069 427 3153 Perge
451 3090 530 3149 vero,
556 3072 650 3152 inquit
675 3072 814 3135 Crassus:
847 3072 881 3133 li-

171 3185 237 3229 ron.
250 3186 283 3229 n.
402 3171 423 3231 7
