2109 3417
124 272 153 317 n.
166 270 196 330 n]
410 269 452 317 ns
474 270 637 317 cussonn.
918 258 959 317 83

358 348 365 373 i

124 421 249 491 videtur,
265 421 355 496 inquit
369 421 532 496 Sulpicius:
552 439 630 492 nam,
645 420 774 478 Antonio
787 421 913 490 dicente,

124 519 214 573 etiam
229 518 297 591 quid
312 528 341 573 tu
356 518 471 588 sentius,
487 518 688 593 intelligemus.
729 517 801 573 Peto
815 516 912 593 igitur,

124 614 220 687 inquit
241 614 370 685 Crassus,
391 634 407 671 a
427 624 464 685 te,
479 616 615 688 quoniam
636 614 665 670 id
684 614 776 684 nobis,
791 613 912 683 Antoni,

124 710 292 767 hominibus
307 711 335 767 id
350 711 449 780 etatis,
467 711 563 767 oneris
577 710 612 767 ab
627 711 727 767 horum
749 710 914 767 adolescen-

123 807 199 863 tium
220 806 322 863 studiis
343 806 507 881 imponitur,
525 818 557 863 ut
576 826 711 881 exponas,
733 806 800 881 quid
822 807 856 864 iis
876 805 942 863 de5

123 904 222 974 rebus,
235 922 307 979 quas
322 922 339 959 a
351 914 379 959 te
393 903 481 977 quaeri
498 903 586 975 vides,
601 904 716 961 sentias.

165 1096 305 1154 XLVIII.
330 1096 548 1172 Depreheusum
577 1096 709 1172 equidem
736 1116 792 1168 me,
821 1096 912 1173 inquit

125 1193 282 1264 Antonius,
304 1193 388 1270 plane
408 1192 491 1250 video
512 1207 596 1269 atque
618 1194 720 1265 sentio,
741 1212 797 1251 non
819 1195 911 1251 solum

124 1290 203 1365 quod
223 1309 256 1346 ea
274 1290 454 1365 requiruntur
469 1308 554 1361 ame,
569 1307 690 1363 quorum
711 1309 774 1347 sum
795 1290 912 1367 ignarus

126 1397 212 1461 atque
235 1387 369 1458 insolens,
390 1387 439 1443 sed
468 1386 544 1461 quia,
567 1386 643 1461 quod
663 1386 693 1443 in
714 1387 809 1443 causis
829 1388 911 1445 valde
926 1393 957 1442 10

126 1483 226 1560 lugere
246 1484 334 1553 soleo,
356 1503 392 1539 ne
412 1483 474 1554 tibi,
495 1484 609 1554 Crasse,
631 1485 795 1554 succedam,
815 1484 844 1540 id
865 1502 911 1541 me

125 1599 205 1636 nuuc
227 1580 273 1636 isti
292 1580 379 1637 vitare
400 1600 457 1636 nou
479 1580 583 1638 sinunt.
624 1580 732 1637 Verum
748 1580 804 1637 hoc
819 1580 912 1656 ingre·

126 1676 188 1733 diar
205 1676 296 1747 adea,
312 1696 374 1750 quae
388 1677 480 1747 vultis,
497 1677 644 1746 audacius,
658 1675 733 1750 quod
751 1676 826 1732 idem
841 1676 912 1732 mihi

127 1790 210 1847 spero
237 1791 290 1829 usu
318 1792 379 1829 esse
405 1784 555 1829 venturum
576 1772 605 1828 in
628 1772 682 1828 hac
709 1772 911 1847 disputatione,

127 1869 204 1943 quod
231 1868 261 1925 in
288 1869 411 1925 dicendo
444 1869 525 1937 solet,
558 1877 589 1924 nt
621 1868 700 1924 nulla
732 1877 912 1943 exspectetur
927 1871 958 1920 15

127 1975 229 2021 ornata
243 1965 349 2022 oratio:
369 1964 553 2039 nequeenim
568 1983 629 2021 sum
645 1964 681 2019 de
696 1973 756 2042 arte
772 1962 911 2034 dicturus,

127 2066 210 2136 quam
225 2080 369 2136 uunquam
385 2061 483 2132 didici,
495 2061 545 2118 sed
556 2061 592 2117 de
606 2060 670 2118 med
685 2059 910 2130 consuetudine;

128 2158 243 2233 ipsaque
258 2157 314 2229 illa,
330 2176 392 2232 quae
407 2157 436 2213 iu
451 2157 685 2214 commentarium
702 2175 797 2214 meum
816 2156 910 2227 retuII,

127 2263 194 2310 sunt
214 2253 363 2329 ejusmodi,
379 2271 437 2310 uon
459 2254 553 2327 aliqud
569 2254 638 2310 mihi
653 2253 783 2310 doctriua
797 2253 910 2324 tradita,

128 2348 178 2405 sed
202 2348 232 2405 in
259 2366 353 2406 rerum
381 2367 434 2405 usu
461 2348 612 2423 causisque
637 2358 774 2406 tractata:
803 2367 865 2423 quae
887 2348 911 2404 si
925 2354 957 2402 20

128 2445 218 2515 vobis,
234 2444 396 2502 homiuibus
410 2444 619 2515 eruditissimis,
634 2464 692 2502 non
706 2445 912 2521 probabuntur,

128 2550 249 2597 vestram
274 2540 452 2615 iniquitatem
477 2550 651 2615 accusatam,
675 2541 724 2615 qui
750 2560 786 2598 ex
808 2559 855 2598 me
878 2559 913 2598 ea

128 2637 306 2713 quaesieritis,
328 2656 389 2712 quae
410 2655 465 2714 ego
487 2638 645 2707 nescirem3
673 2656 766 2693 meam
794 2636 913 2695 facilita-

129 2745 186 2791 tem
206 2734 361 2805 laudatote,
377 2752 441 2791 cum
464 2733 553 2805 vobis,
570 2752 629 2790 non
645 2752 710 2791 mec
727 2733 847 2809 judicio,
862 2733 913 2790 sed

117 2841 222 2887 'vestro
243 2831 338 2887 studio
358 2830 576 2915 inductus,n0n
596 2839 712 2906 gravate
731 2830 911 2905 respondero.
925 2834 958 2883 25

128 2926 207 2983 Tum
241 2927 371 2996 Crassus,
406 2926 503 3002 Perge¹
531 2926 627 2997 modo,
655 2925 756 3000 inquit,
784 2924 912 2981 Antoni:

129 3022 238 3081 nullum
253 3033 295 3081 est
310 3022 386 3080 euim
406 3022 576 3100 periculum,
590 3022 708 3098 nequid
722 3030 753 3079 tu
767 3021 914 3093 eloquare,
