2109 3417
108 316 149 375 90
427 328 470 375 us
494 316 657 397 onerose.
845 326 950 388 [um.

193 474 229 534 V.
259 465 299 535 llt
331 478 419 556 igitur
452 491 518 538 ante
553 480 702 538 meridiem
738 478 947 551 discesserunt,

154 574 357 651 paululumque
390 578 566 653 requierunt,
595 578 624 635 in
651 570 763 653 primis
783 576 839 634 hoc
865 594 884 633 a
910 594 947 633 se
1043 586 1044 607 l

154 671 242 729 Cotta
268 673 495 731 animadversum
522 692 585 731 esse
613 674 737 745 dicebat,
758 691 844 731 omne
868 670 946 741 illud

154 775 266 843 tempus
285 769 475 827 meridianum
496 769 633 827 Crassum
653 768 683 827 in
702 756 946 845 acerrimsat'que

124 864 342 921 cattentimimt
363 865 539 941 cogitatione
565 865 711 941 posuisse;
739 876 867 939 seseque,
890 862 945 939 qui

155 959 263 1015 vultum
277 960 349 1035 ejus,
364 960 471 1017 cumei
486 960 641 1018 dicendum
654 970 738 1032 esset,
753 961 945 1034 obtutumque

154 1054 304 1111 oculorum
324 1056 354 1113 in
374 1057 539 1133 cogitando,
563 1058 651 1131 probe
677 1054 783 1128 nosset,
805 1065 890 1130 atque
911 1055 945 1112 iu

155 1149 286 1207 maximis
306 1151 401 1207 causis
421 1170 497 1228 sepe
516 1152 644 1223 vidisset,
658 1162 718 1208 tum
733 1151 830 1209 dedite
842 1150 945 1227 operi,

155 1245 369 1320 quiescentibus
390 1247 462 1319 aliis,
478 1248 507 1305 in
522 1266 586 1305 eam
608 1248 761 1305 exhedram
774 1246 896 1317 venisse,
911 1245 944 1303 in

111 1352 142 1403 tu
155 1342 211 1416 qui
232 1342 354 1400 Crassus
373 1344 480 1400 lectulo
500 1344 595 1419 posito
615 1344 803 1415 recubuisset,
818 1360 944 1418 cumque

154 1456 221 1496 eum
235 1440 264 1497 in
279 1440 456 1517 cogitatione
469 1439 592 1497 defixum
607 1458 670 1496 esse
686 1440 830 1511 sensisset,
845 1439 943 1496 statim

155 1536 317 1607 recessisse,
340 1547 423 1610 atque
444 1536 473 1592 in
494 1554 530 1591 eo
551 1536 665 1593 silentio
686 1535 756 1593 duas
777 1534 861 1593 horas
881 1534 943 1591 lere

155 1649 218 1689 esse
238 1643 410 1689 consumtas.
451 1631 575 1701 Deinde,
591 1650 657 1688 cum
678 1642 787 1701 omnes,
802 1630 943 1689 inclinato

152 1727 211 1803 jam
232 1727 261 1784 iu
281 1728 508 1804 pomeridianum
529 1737 641 1802 tempus
660 1726 718 1798 die,
740 1726 884 1783 venissent
906 1724 943 1784 ad

111 1836 142 1885 15
157 1824 304 1895 Crassum,
345 1824 429 1885 Quid
469 1834 522 1895 est,
555 1824 669 1894 Crasse,
703 1823 796 1899 inquit
835 1822 942 1897 Julius,
1043 1860 1044 1865 κ

157 1920 267 1977 imusne
294 1922 422 1978 sessum‘l
455 1921 509 1977 etsi
544 1920 718 1978 admonitum
746 1919 875 1977 venimus
901 1929 942 1993 te,

155 2032 213 2073 uon
228 2015 394 2092 flagitatum.

194 2110 272 2169 Turn
293 2113 424 2183 Crassus,
445 2112 493 2169 An
514 2122 638 2169 metam
659 2111 853 2188 impudentem
877 2130 942 2170 esse

154 2207 331 2279 existimatis,
346 2218 377 2265 ut
390 2209 470 2265 vobis
484 2209 540 2265 hoc
554 2210 711 2283 praesertim
725 2226 829 2265 munus
841 2217 942 2282 putem

107 2315 140 2366 ω
154 2303 262 2361 diutius
282 2324 366 2380 posse
392 2305 518 2361 deberel
571 2304 702 2366 Quinam
730 2303 826 2381 igitur,
848 2302 941 2379 inquit

154 2400 212 2471 ille,
227 2401 328 2458 locusl
349 2420 386 2458 an
400 2400 429 2459 in
444 2399 540 2458 medii
557 2398 628 2457 silvia
641 2400 755 2476 placetl
796 2398 849 2457 Est
862 2398 941 2457 enirn

154 2496 178 2553 is
198 2498 320 2554 maxime
340 2506 369 2554 et
389 2516 506 2573 opacus,
525 2506 555 2553 et
575 2496 703 2573 frigidus.
746 2496 832 2567 Sane,
847 2494 941 2570 inquit

153 2592 291 2650 Crassus:
312 2593 418 2650 etenim
432 2602 476 2650 est
490 2592 518 2649 in
534 2611 569 2650 eo
583 2592 649 2649 loco
663 2592 746 2650 sedes
759 2590 827 2648 huic
840 2602 940 2648 nostro

152 2706 211 2745 non
226 2688 417 2764 inopportuna
430 2688 563 2747 sermoni.
605 2688 681 2745 Cum
695 2686 849 2763 placuisset
862 2686 938 2745 idem

107 2802 139 2852 25
153 2783 267 2855 ceteris,
288 2785 317 2841 in
338 2784 437 2843 silvam
465 2784 587 2855 venitur,
614 2793 644 2840 et
669 2783 719 2855 ibi,
740 2782 845 2861 magni
872 2801 940 2841 cum

153 2880 288 2939 audiendi
302 2881 524 2956 exspectatione,
540 2877 708 2938 considitur.

192 2976 271 3035 Turn
292 2977 422 3047 Crassus,
437 2976 511 3034 Cum
534 2976 690 3035 auctoritas
710 2984 793 3052 atque
806 2972 939 3035 'amicitia

153 3083 256 3144 vestra,
270 3082 331 3131 tum
345 3072 467 3131 Antonii
481 3072 603 3132 facilitas
622 3072 735 3149 eripuit,
751 3070 851 3146 inquit,
866 3068 979 3171 mihist·
