2109 3417
104 316 132 363 n.
144 318 184 377 n]
386 317 431 363 mr
451 318 619 367 ortunae.
899 308 939 369 ut

105 463 213 539 plicare
232 466 373 523 auumde
392 466 524 525 maximis
544 468 645 537 rebus;
670 476 700 525 et
719 466 843 539 honesti,
863 476 893 525 et

105 560 215 632 diserti,
228 571 261 617 ut
274 572 370 619 mente
389 564 549 638 prouidere,
572 564 742 623 auctoritate
761 564 891 640 probare,

106 656 235 714 oratione
248 658 430 733 persuadere,
442 659 540 734 possit.

144 848 303 907 LXXXII.
334 850 431 926 Atque
444 852 506 909 lieo
521 852 551 909 in
565 863 666 911 senatu
680 854 791 911 minore
810 870 893 931 appa·
911 862 917 899 ’-

104 954 169 1002 ratu
188 946 300 1022 agenda
319 958 402 1005 runt:
426 947 541 1023 sapiens
561 949 637 1007 enim
658 959 701 1007 eat
721 947 890 1021 eonsilium
906 954 923 1003 5

104 1040 257 1117 multisque
298 1043 362 1100 aliis
400 1044 516 1102 dieendi
557 1044 762 1121 relinquendus
800 1046 891 1107 loeus.

104 1136 232 1194 Vitanda
250 1137 336 1197 etiam
357 1139 467 1215 ingenii
486 1140 686 1198 ostentationis
706 1141 841 1217 auspicio.

144 1232 258 1291 Conoio
277 1234 355 1308 capit
373 1253 489 1293 ornnem
509 1236 565 1293 vim
576 1236 735 1309 orationis,
754 1247 784 1293 et
801 1236 892 1313 gravi·

104 1338 192 1386 tatem
211 1330 434 1405 varietatemque
460 1332 612 1390 desiderat.
667 1332 754 1409 Ergo,
777 1333 807 1391 in
827 1352 891 1392 sua·
923 1351 926 1387 τ

103 1423 210 1497 dendo,
224 1426 296 1483 nihil
316 1436 361 1483 est
379 1427 542 1501 optabilius,
557 1444 641 1501 quam
662 1428 803 1503 dignitas:
824 1443 891 1486 nam
906 1436 937 1485 10

104 1520 155 1595 qui
187 1522 339 1579 utilitatem
372 1533 462 1598 putat,
489 1537 548 1580 non
574 1524 641 1598 quid
675 1524 798 1581 maxime
823 1524 891 1582 velit

104 1636 213 1689 suasor,
227 1619 278 1675 sed
293 1618 362 1693 quid
376 1618 519 1676 interdum
540 1619 632 1695 magis
646 1629 789 1693 sequatur,
804 1619 882 1677 videt

103 1712 200 1770 Nemo
213 1725 257 1772 est
270 1714 357 1785 enim,
371 1715 527 1790 presertim
544 1715 572 1771 in
587 1727 644 1773 tam
666 1716 744 1773 olard
764 1715 889 1787 civitate,

104 1810 174 1883 quin
193 1820 274 1886 putet
292 1811 479 1886 expetendam
493 1813 617 1869 maxime
631 1811 816 1887 dignitatem:
838 1812 888 1868 sed
922 1844 925 1854 ι

103 1905 193 1963 vineit
212 1907 320 1965 utilitas
338 1907 515 1984 plerumque,
529 1924 596 1965 eum
618 1909 715 1965 subest
731 1908 780 1965 ille
792 1907 887 1979 timor,
906 1909 937 1958 15

102 2002 140 2060 et
152 2002 294 2080 neglecta,
305 2022 343 2061 ne
353 2004 650 2081 dignitatemquidem
663 2022 748 2080 posse
758 2004 888 2061 retineri.

141 2098 345 2159 Controversia
359 2112 453 2159 antem
470 2101 544 2157 inter
564 2100 712 2157 hominurn
733 2101 889 2159 sententiae

103 2196 197 2253 autin
212 2197 262 2255 illo
274 2208 327 2268 est,
342 2208 437 2255 utrum
458 2197 495 2254 ait
513 2196 627 2254 utilius:
649 2197 807 2268 autetiam,
822 2211 889 2254 oum

103 2291 134 2347 id
148 2292 292 2365 convenit,
306 2303 441 2365 eertatur,
458 2302 553 2368 utrum
574 2292 717 2350 honestati
736 2293 831 2369 potius
852 2310 889 2351 an
925 2308 930 2343 t

102 2385 220 2444 utilitati
245 2390 453 2447 eonsulendum
479 2389 525 2446 ait
565 2389 642 2450 Quae
669 2388 736 2463 quia
761 2394 937 2465 pugnarem

102 2496 180 2556 repe
200 2482 274 2540 inter
293 2502 325 2541 se
344 2485 486 2555 videntur,
506 2484 555 2559 qui
576 2484 727 2541 utilitatem
750 2485 887 2557 defendit,

102 2579 283 2636 enumerabit
316 2580 468 2639 commoda
499 2580 589 2656 pacis,
622 2598 717 2655 opum,
744 2581 888 2655 potentie,

101 2673 245 2751 Μαικία,
265 2673 459 2751 vectigalium,
485 2674 611 2750 praesidii
638 2675 769 2747 militum,
798 2674 888 2753 [utiti-

101 2770 190 2849 tatea]
213 2779 373 2827 ceterarum
392 2787 497 2841 rerum,
518 2788 637 2845 quarum
664 2771 788 2828 fructum
814 2772 889 2829 utili-
918 2796 929 2829 ‚¹

101 2875 161 2923 tate
175 2864 320 2937 metimur,
333 2865 458 2940 itemque
471 2865 656 2923 incommoda
670 2866 887 2925 contrariorum.
904 2873 936 2925 ut

100 2962 166 3025 Qui
187 2963 223 3020 ad
242 2962 412 3041 dignitatum
431 2962 563 3039 impellit,
584 2960 723 3041 majorum
749 2964 887 3039 exempla,

101 3074 166 3134 que
184 3070 270 3119 erunt
287 3060 332 3119 rel
358 3076 427 3119 enm
451 3060 582 3137 periculo
605 3058 741 3139 gloriosa,
761 3060 886 3137 colligati
