<?xml version="1.0" encoding="UTF-8"?>
<!DOCTYPE html PUBLIC "-//W3C//DTD XHTML 1.0 Transitional//EN"
    "http://www.w3.org/TR/xhtml1/DTD/xhtml1-transitional.dtd">
<html xmlns="http://www.w3.org/1999/xhtml" xml:lang="en" lang="en">
 <head>
  <title>
</title>
<meta http-equiv="Content-Type" content="text/html;charset=utf-8" />
  <meta name='ocr-system' content='tesseract 3.04.00' />
  <meta name='ocr-capabilities' content='ocr_page ocr_carea ocr_par ocr_line ocrx_word'/>
</head>
<body>
  <div class='ocr_page' id='page_1' title='image "./mtciceronisadqu00dillgoog_0244.png"; bbox 0 0 2109 3417; ppageno 0'>
   <div class='ocr_carea' id='block_1_1' title="bbox 118 268 949 349">
    <p class='ocr_par' dir='ltr' id='par_1_1' title="bbox 118 268 949 349">
     <span class='ocr_line' id='line_1_1' title="bbox 118 268 949 349; baseline 0.005 -17"><span class='ocrx_word' id='word_1_1' title='bbox 118 268 159 332; x_wconf 79' lang='lat' dir='ltr'><strong>te</strong></span> <span class='ocrx_word' id='word_1_2' title='bbox 435 283 483 334; x_wconf 83' lang='lat' dir='ltr'><strong>nn</strong></span> <span class='ocrx_word' id='word_1_3' title='bbox 504 284 669 335; x_wconf 75' lang='lat' dir='ltr'><strong>osiroan.</strong></span> <span class='ocrx_word' id='word_1_4' title='bbox 866 287 949 349; x_wconf 76' lang='lat' dir='ltr'><strong>[nin</strong></span> 
     </span>
    </p>
   </div>
   <div class='ocr_carea' id='block_1_2' title="bbox 51 424 956 2051">
    <p class='ocr_par' dir='ltr' id='par_1_2' title="bbox 51 424 956 2051">
     <span class='ocr_line' id='line_1_2' title="bbox 161 424 948 507; baseline 0.006 -19"><span class='ocrx_word' id='word_1_5' title='bbox 161 430 239 503; x_wconf 84' lang='lat' dir='ltr'><strong>tatis,</strong></span> <span class='ocrx_word' id='word_1_6' title='bbox 253 431 358 507; x_wconf 84' lang='lat' dir='ltr'><strong>populo</strong></span> <span class='ocrx_word' id='word_1_7' title='bbox 371 432 507 492; x_wconf 83' lang='lat' dir='ltr'><strong>Romano</strong></span> <span class='ocrx_word' id='word_1_8' title='bbox 522 434 593 506; x_wconf 85' lang='lat' dir='ltr'><strong>dari,</strong></span> <span class='ocrx_word' id='word_1_9' title='bbox 608 435 670 492; x_wconf 85' lang='lat' dir='ltr'><strong>sine</strong></span> <span class='ocrx_word' id='word_1_10' title='bbox 690 424 829 493; x_wconf 76' lang='lat' dir='ltr'><strong>nobilium</strong></span> <span class='ocrx_word' id='word_1_11' title='bbox 839 434 948 493; x_wconf 83' lang='lat' dir='ltr'><strong>dissen-</strong></span> 
     </span>
     <span class='ocr_line' id='line_1_3' title="bbox 51 519 949 605; baseline 0.009 -23"><span class='ocrx_word' id='word_1_12' title='bbox 51 519 53 522; x_wconf 62' lang='grc'><strong>’</strong></span> <span class='ocrx_word' id='word_1_13' title='bbox 161 526 254 599; x_wconf 76' lang='lat' dir='ltr'><strong>sione,</strong></span> <span class='ocrx_word' id='word_1_14' title='bbox 267 529 411 605; x_wconf 85' lang='lat' dir='ltr'><strong>potuisse:</strong></span> <span class='ocrx_word' id='word_1_15' title='bbox 433 548 477 602; x_wconf 84' lang='lat' dir='ltr'><strong>ae,</strong></span> <span class='ocrx_word' id='word_1_16' title='bbox 492 532 516 589; x_wconf 86' lang='lat' dir='ltr'><strong>si</strong></span> <span class='ocrx_word' id='word_1_17' title='bbox 531 530 586 589; x_wconf 82' lang='lat' dir='ltr'><strong>illae</strong></span> <span class='ocrx_word' id='word_1_18' title='bbox 600 530 757 588; x_wconf 78' lang='lat' dir='ltr'><strong>seditiones</strong></span> <span class='ocrx_word' id='word_1_19' title='bbox 775 530 861 588; x_wconf 87' lang='lat' dir='ltr'><strong>saluti</strong></span> <span class='ocrx_word' id='word_1_20' title='bbox 881 531 949 590; x_wconf 76' lang='lat' dir='ltr'><strong>heio</strong></span> 
     </span>
     <span class='ocr_line' id='line_1_4' title="bbox 161 624 948 702; baseline 0.006 -22"><span class='ocrx_word' id='word_1_21' title='bbox 161 624 273 682; x_wconf 71' lang='lat' dir='ltr'><strong>civitati</strong></span> <span class='ocrx_word' id='word_1_22' title='bbox 299 625 429 697; x_wconf 75' lang='lat' dir='ltr'><strong>fuissent,</strong></span> <span class='ocrx_word' id='word_1_23' title='bbox 456 645 514 685; x_wconf 90' lang='lat' dir='ltr'><strong>non</strong></span> <span class='ocrx_word' id='word_1_24' title='bbox 540 627 689 698; x_wconf 79' lang='lat' dir='ltr'><strong>eominuo,</strong></span> <span class='ocrx_word' id='word_1_25' title='bbox 714 626 738 683; x_wconf 85' lang='lat' dir='ltr'><strong>si</strong></span> <span class='ocrx_word' id='word_1_26' title='bbox 765 627 829 702; x_wconf 81' lang='lat' dir='ltr'><strong>qois</strong></span> <span class='ocrx_word' id='word_1_27' title='bbox 855 637 948 685; x_wconf 79' lang='lat' dir='ltr'><strong>motus</strong></span> 
     </span>
     <span class='ocr_line' id='line_1_5' title="bbox 163 721 947 795; baseline 0.005 -18"><span class='ocrx_word' id='word_1_28' title='bbox 163 721 261 795; x_wconf 89' lang='lat' dir='ltr'><strong>populi</strong></span> <span class='ocrx_word' id='word_1_29' title='bbox 283 722 377 779; x_wconf 84' lang='lat' dir='ltr'><strong>faetus</strong></span> <span class='ocrx_word' id='word_1_30' title='bbox 403 732 488 795; x_wconf 87' lang='lat' dir='ltr'><strong>esset,</strong></span> <span class='ocrx_word' id='word_1_31' title='bbox 509 723 540 780; x_wconf 92' lang='lat' dir='ltr'><strong>id</strong></span> <span class='ocrx_word' id='word_1_32' title='bbox 560 723 594 780; x_wconf 83' lang='grc' dir='ltr'><strong>Ο.</strong></span> <span class='ocrx_word' id='word_1_33' title='bbox 615 722 754 781; x_wconf 77' lang='lat' dir='ltr'><strong>Norbano</strong></span> <span class='ocrx_word' id='word_1_34' title='bbox 781 722 812 781; x_wconf 87' lang='lat' dir='ltr'><strong>in</strong></span> <span class='ocrx_word' id='word_1_35' title='bbox 839 723 947 781; x_wconf 80' lang='lat' dir='ltr'><strong>nefario</strong></span> 
     </span>
     <span class='ocr_line' id='line_1_6' title="bbox 89 816 947 895; baseline 0.006 -23"><span class='ocrx_word' id='word_1_36' title='bbox 89 843 93 855; x_wconf 79' lang='lat'>=</span> <span class='ocrx_word' id='word_1_37' title='bbox 129 816 295 889; x_wconf 55' lang='lat' dir='ltr'><strong>§crimina</strong></span> <span class='ocrx_word' id='word_1_38' title='bbox 320 828 404 891; x_wconf 80' lang='lat' dir='ltr'><strong>etque</strong></span> <span class='ocrx_word' id='word_1_39' title='bbox 428 818 458 875; x_wconf 90' lang='lat' dir='ltr'><strong>in</strong></span> <span class='ocrx_word' id='word_1_40' title='bbox 483 819 732 894; x_wconf 73' lang='lat' dir='ltr'><strong>fraude-capitali,</strong></span> <span class='ocrx_word' id='word_1_41' title='bbox 756 837 819 877; x_wconf 88' lang='lat' dir='ltr'><strong>esse</strong></span> <span class='ocrx_word' id='word_1_42' title='bbox 842 836 947 895; x_wconf 86' lang='lat' dir='ltr'><strong>ponen-</strong></span> 
     </span>
     <span class='ocr_line' id='line_1_7' title="bbox 165 912 948 990; baseline 0.004 -21"><span class='ocrx_word' id='word_1_43' title='bbox 165 912 241 969; x_wconf 88' lang='lat' dir='ltr'><strong>dum.</strong></span> <span class='ocrx_word' id='word_1_44' title='bbox 294 912 384 974; x_wconf 77' lang='lat' dir='ltr'><strong>Quod</strong></span> <span class='ocrx_word' id='word_1_45' title='bbox 405 913 429 970; x_wconf 89' lang='lat' dir='ltr'><strong>si</strong></span> <span class='ocrx_word' id='word_1_46' title='bbox 450 932 576 990; x_wconf 87' lang='lat' dir='ltr'><strong>unquam</strong></span> <span class='ocrx_word' id='word_1_47' title='bbox 595 915 700 989; x_wconf 90' lang='lat' dir='ltr'><strong>populo</strong></span> <span class='ocrx_word' id='word_1_48' title='bbox 719 914 856 972; x_wconf 84' lang='lat' dir='ltr'><strong>Romano</strong></span> <span class='ocrx_word' id='word_1_49' title='bbox 883 933 948 973; x_wconf 90' lang='lat' dir='ltr'><strong>oon·</strong></span> 
     </span>
     <span class='ocr_line' id='line_1_8' title="bbox 162 1008 949 1087; baseline 0.004 -23"><span class='ocrx_word' id='word_1_50' title='bbox 162 1025 277 1065; x_wconf 73' lang='lat' dir='ltr'><strong>sessum</strong></span> <span class='ocrx_word' id='word_1_51' title='bbox 299 1019 384 1080; x_wconf 83' lang='lat' dir='ltr'><strong>esset,</strong></span> <span class='ocrx_word' id='word_1_52' title='bbox 405 1019 437 1066; x_wconf 89' lang='lat' dir='ltr'><strong>ut</strong></span> <span class='ocrx_word' id='word_1_53' title='bbox 460 1008 525 1086; x_wconf 77' lang='lat' dir='ltr'><strong>jure</strong></span> <span class='ocrx_word' id='word_1_54' title='bbox 552 1010 714 1067; x_wconf 80' lang='lat' dir='ltr'><strong>concitatus</strong></span> <span class='ocrx_word' id='word_1_55' title='bbox 740 1008 884 1067; x_wconf 89' lang='lat' dir='ltr'><strong>videretur</strong></span> <span class='ocrx_word' id='word_1_56' title='bbox 904 1009 949 1087; x_wconf 94' lang='lat' dir='ltr'><strong>(id</strong></span> 
     </span>
     <span class='ocr_line' id='line_1_9' title="bbox 162 1104 948 1186; baseline 0.006 -26"><span class='ocrx_word' id='word_1_57' title='bbox 162 1104 240 1179; x_wconf 85' lang='lat' dir='ltr'><strong>qnod</strong></span> <span class='ocrx_word' id='word_1_58' title='bbox 267 1105 406 1162; x_wconf 80' lang='lat' dir='ltr'><strong>docebam</strong></span> <span class='ocrx_word' id='word_1_59' title='bbox 433 1124 507 1182; x_wconf 81' lang='lat' dir='ltr'><strong>saepe</strong></span> <span class='ocrx_word' id='word_1_60' title='bbox 534 1124 596 1163; x_wconf 87' lang='lat' dir='ltr'><strong>esse</strong></span> <span class='ocrx_word' id='word_1_61' title='bbox 623 1108 819 1186; x_wconf 81' lang='lat' dir='ltr'><strong>conoessum),</strong></span> <span class='ocrx_word' id='word_1_62' title='bbox 842 1106 948 1165; x_wconf 81' lang='lat' dir='ltr'><strong>nullam</strong></span> 
     </span>
     <span class='ocr_line' id='line_1_10' title="bbox 163 1198 949 1276; baseline 0.004 -20"><span class='ocrx_word' id='word_1_63' title='bbox 163 1198 215 1256; x_wconf 73' lang='lat' dir='ltr'><strong>ills</strong></span> <span class='ocrx_word' id='word_1_64' title='bbox 242 1218 358 1257; x_wconf 86' lang='lat' dir='ltr'><strong>oausam</strong></span> <span class='ocrx_word' id='word_1_65' title='bbox 389 1200 540 1276; x_wconf 83' lang='lat' dir='ltr'><strong>justiorem</strong></span> <span class='ocrx_word' id='word_1_66' title='bbox 573 1200 668 1259; x_wconf 83' lang='lat' dir='ltr'><strong>fuisse.</strong></span> <span class='ocrx_word' id='word_1_67' title='bbox 722 1201 801 1259; x_wconf 84' lang='lat' dir='ltr'><strong>Tum</strong></span> <span class='ocrx_word' id='word_1_68' title='bbox 835 1218 949 1259; x_wconf 85' lang='lat' dir='ltr'><strong>omnem</strong></span> 
     </span>
     <span class='ocr_line' id='line_1_11' title="bbox 120 1295 950 1373; baseline 0 -18"><span class='ocrx_word' id='word_1_69' title='bbox 120 1296 322 1355; x_wconf 74' lang='lat' dir='ltr'><strong>metationem</strong></span> <span class='ocrx_word' id='word_1_70' title='bbox 348 1295 461 1354; x_wconf 85' lang='lat' dir='ltr'>traduxi</span> <span class='ocrx_word' id='word_1_71' title='bbox 487 1307 516 1353; x_wconf 92' lang='lat' dir='ltr'><strong>et</strong></span> <span class='ocrx_word' id='word_1_72' title='bbox 536 1298 668 1355; x_wconf 82' lang='lat' dir='ltr'><strong>-oonverti</strong></span> <span class='ocrx_word' id='word_1_73' title='bbox 692 1298 721 1355; x_wconf 87' lang='lat' dir='ltr'><strong>in</strong></span> <span class='ocrx_word' id='word_1_74' title='bbox 745 1297 950 1373; x_wconf 80' lang='lat' dir='ltr'><strong>increpandam</strong></span> 
     </span>
     <span class='ocr_line' id='line_1_12' title="bbox 164 1392 951 1469; baseline 0.003 -20"><span class='ocrx_word' id='word_1_75' title='bbox 164 1392 310 1468; x_wconf 65' lang='lat' dir='ltr'><strong>Caepionis</strong></span> <span class='ocrx_word' id='word_1_76' title='bbox 323 1392 430 1469; x_wconf 79' lang='lat' dir='ltr'><strong>fugam,</strong></span> <span class='ocrx_word' id='word_1_77' title='bbox 444 1393 475 1449; x_wconf 91' lang='lat' dir='ltr'><strong>in</strong></span> <span class='ocrx_word' id='word_1_78' title='bbox 488 1393 694 1469; x_wconf 79' lang='lat' dir='ltr'><strong>deplorandum</strong></span> <span class='ocrx_word' id='word_1_79' title='bbox 709 1394 856 1451; x_wconf 79' lang='lat' dir='ltr'><strong>interitum</strong></span> <span class='ocrx_word' id='word_1_80' title='bbox 870 1410 951 1451; x_wconf 76' lang='lat' dir='ltr'><strong>exer·</strong></span> 
     </span>
     <span class='ocr_line' id='line_1_13' title="bbox 165 1488 950 1567; baseline 0.001 -22"><span class='ocrx_word' id='word_1_81' title='bbox 165 1488 249 1545; x_wconf 82' lang='lat' dir='ltr'><strong>oitds.</strong></span> <span class='ocrx_word' id='word_1_82' title='bbox 291 1489 342 1545; x_wconf 83' lang='lat' dir='ltr'><strong>Sio</strong></span> <span class='ocrx_word' id='word_1_83' title='bbox 355 1499 496 1546; x_wconf 85' lang='lat' dir='ltr'><strong>eteorum</strong></span> <span class='ocrx_word' id='word_1_84' title='bbox 511 1490 649 1561; x_wconf 83' lang='lat' dir='ltr'><strong>dolorem,</strong></span> <span class='ocrx_word' id='word_1_85' title='bbox 661 1489 708 1564; x_wconf 90' lang='lat' dir='ltr'><strong>qui</strong></span> <span class='ocrx_word' id='word_1_86' title='bbox 721 1489 860 1567; x_wconf 79' lang='lat' dir='ltr'><strong>lugebant</strong></span> <span class='ocrx_word' id='word_1_87' title='bbox 873 1506 950 1561; x_wconf 80' lang='lat' dir='ltr'><strong>suos,</strong></span> 
     </span>
     <span class='ocr_line' id='line_1_14' title="bbox 166 1584 954 1661; baseline -0.001 -19"><span class='ocrx_word' id='word_1_88' title='bbox 166 1584 295 1642; x_wconf 86' lang='lat' dir='ltr'><strong>oratione</strong></span> <span class='ocrx_word' id='word_1_89' title='bbox 315 1585 494 1660; x_wconf 78' lang='lat' dir='ltr'><strong>refricabam,</strong></span> <span class='ocrx_word' id='word_1_90' title='bbox 512 1596 542 1643; x_wconf 88' lang='lat' dir='ltr'><strong>et</strong></span> <span class='ocrx_word' id='word_1_91' title='bbox 563 1586 674 1643; x_wconf 79' lang='lat' dir='ltr'><strong>animos</strong></span> <span class='ocrx_word' id='word_1_92' title='bbox 694 1586 821 1661; x_wconf 84' lang='lat' dir='ltr'><strong>equiturn</strong></span> <span class='ocrx_word' id='word_1_93' title='bbox 844 1585 954 1643; x_wconf 87' lang='lat' dir='ltr'><strong>Rorna-</strong></span> 
     </span>
     <span class='ocr_line' id='line_1_15' title="bbox 165 1681 954 1759; baseline -0.001 -20"><span class='ocrx_word' id='word_1_94' title='bbox 165 1700 278 1754; x_wconf 85' lang='lat' dir='ltr'><strong>norum,</strong></span> <span class='ocrx_word' id='word_1_95' title='bbox 296 1681 369 1757; x_wconf 89' lang='lat' dir='ltr'><strong>apud</strong></span> <span class='ocrx_word' id='word_1_96' title='bbox 390 1700 462 1757; x_wconf 87' lang='lat' dir='ltr'><strong>quos</strong></span> <span class='ocrx_word' id='word_1_97' title='bbox 482 1692 542 1738; x_wconf 89' lang='lat' dir='ltr'><strong>tum</strong></span> <span class='ocrx_word' id='word_1_98' title='bbox 561 1682 674 1757; x_wconf 84' lang='lat' dir='ltr'><strong>judiees</strong></span> <span class='ocrx_word' id='word_1_99' title='bbox 695 1700 783 1739; x_wconf 75' lang='lat' dir='ltr'><strong>eausa</strong></span> <span class='ocrx_word' id='word_1_100' title='bbox 804 1682 954 1759; x_wconf 74' lang='lat' dir='ltr'>agebatur,</span> 
     </span>
     <span class='ocr_line' id='line_1_16' title="bbox 120 1776 955 1854; baseline -0.005 -15"><span class='ocrx_word' id='word_1_101' title='bbox 120 1790 152 1839; x_wconf 89' lang='lat'><strong>15</strong></span> <span class='ocrx_word' id='word_1_102' title='bbox 166 1778 203 1836; x_wconf 90' lang='lat' dir='ltr'><strong>ad</strong></span> <span class='ocrx_word' id='word_1_103' title='bbox 215 1778 255 1840; x_wconf 78' lang='lat' dir='ltr'><strong>Q.</strong></span> <span class='ocrx_word' id='word_1_104' title='bbox 270 1778 416 1854; x_wconf 79' lang='lat' dir='ltr'><strong>Caepionis</strong></span> <span class='ocrx_word' id='word_1_105' title='bbox 430 1778 528 1835; x_wconf 89' lang='lat' dir='ltr'><strong>odium</strong></span> <span class='ocrx_word' id='word_1_106' title='bbox 544 1776 575 1854; x_wconf 87' lang='lat' dir='ltr'><strong>(a</strong></span> <span class='ocrx_word' id='word_1_107' title='bbox 589 1794 646 1852; x_wconf 83' lang='lat' dir='ltr'><strong>quo</strong></span> <span class='ocrx_word' id='word_1_108' title='bbox 661 1788 742 1835; x_wconf 84' lang='lat' dir='ltr'><strong>erant</strong></span> <span class='ocrx_word' id='word_1_109' title='bbox 762 1778 817 1854; x_wconf 88' lang='lat' dir='ltr'><strong>ipsi</strong></span> <span class='ocrx_word' id='word_1_110' title='bbox 835 1790 955 1854; x_wconf 81' lang='lat' dir='ltr'><strong>propter</strong></span> 
     </span>
     <span class='ocr_line' id='line_1_17' title="bbox 163 1859 956 1952; baseline -0.001 -20"><span class='ocrx_word' id='word_1_111' title='bbox 163 1859 274 1951; x_wconf 77' lang='lat' dir='ltr'><strong>judicia</strong></span> <span class='ocrx_word' id='word_1_112' title='bbox 300 1865 478 1952; x_wconf 80' lang='lat' dir='ltr'><strong>abalienati),</strong></span> <span class='ocrx_word' id='word_1_113' title='bbox 505 1874 677 1932; x_wconf 77' lang='lat' dir='ltr'><strong>renovabam</strong></span> <span class='ocrx_word' id='word_1_114' title='bbox 711 1872 810 1952; x_wconf 83' lang='lat' dir='ltr'><strong>[atque</strong></span> <span class='ocrx_word' id='word_1_115' title='bbox 834 1892 956 1933; x_wconf 77' lang='lat' dir='ltr'><strong>resoca-</strong></span> 
     </span>
     <span class='ocr_line' id='line_1_18' title="bbox 165 1972 839 2051; baseline 0 -22"><span class='ocrx_word' id='word_1_116' title='bbox 165 1972 256 2051; x_wconf 83' lang='lat' dir='ltr'><strong>bam]&#39;.</strong></span> <span class='ocrx_word' id='word_1_117' title='bbox 836 1972 839 1981; x_wconf 85' lang='lat'>&#39;</span> 
     </span>
    </p>
   </div>
   <div class='ocr_carea' id='block_1_3' title="bbox 118 2160 1044 3110">
    <p class='ocr_par' dir='ltr' id='par_1_3' title="bbox 118 2160 1044 3110">
     <span class='ocr_line' id='line_1_19' title="bbox 205 2160 957 2238; baseline 0.001 -18"><span class='ocrx_word' id='word_1_118' title='bbox 205 2160 315 2220; x_wconf 86' lang='lat' dir='ltr'><strong>XLIX.</strong></span> <span class='ocrx_word' id='word_1_119' title='bbox 345 2162 436 2224; x_wconf 83' lang='lat' dir='ltr'><strong>Quod</strong></span> <span class='ocrx_word' id='word_1_120' title='bbox 462 2162 513 2219; x_wconf 88' lang='lat' dir='ltr'><strong>ubi</strong></span> <span class='ocrx_word' id='word_1_121' title='bbox 540 2162 616 2220; x_wconf 84' lang='lat' dir='ltr'><strong>sensi</strong></span> <span class='ocrx_word' id='word_1_122' title='bbox 643 2179 689 2220; x_wconf 88' lang='lat' dir='ltr'><strong>rne</strong></span> <span class='ocrx_word' id='word_1_123' title='bbox 716 2163 746 2221; x_wconf 87' lang='lat' dir='ltr'><strong>in</strong></span> <span class='ocrx_word' id='word_1_124' title='bbox 771 2163 957 2238; x_wconf 71' lang='lat' dir='ltr'><strong>possessione</strong></span> 
     </span>
     <span class='ocr_line' id='line_1_20' title="bbox 163 2258 958 2336; baseline 0.003 -21"><span class='ocrx_word' id='word_1_125' title='bbox 163 2258 276 2336; x_wconf 81' lang='lat' dir='ltr'><strong>judieii,</strong></span> <span class='ocrx_word' id='word_1_126' title='bbox 292 2278 327 2317; x_wconf 87' lang='lat' dir='ltr'><strong>ao</strong></span> <span class='ocrx_word' id='word_1_127' title='bbox 340 2259 518 2317; x_wconf 78' lang='lat' dir='ltr'><strong>defensionis</strong></span> <span class='ocrx_word' id='word_1_128' title='bbox 538 2278 619 2332; x_wconf 77' lang='lat' dir='ltr'><strong>mee,</strong></span> <span class='ocrx_word' id='word_1_129' title='bbox 640 2258 812 2331; x_wconf 83' lang='lat' dir='ltr'><strong>eonstitisse,</strong></span> <span class='ocrx_word' id='word_1_130' title='bbox 827 2259 904 2333; x_wconf 86' lang='lat' dir='ltr'><strong>quod</strong></span> <span class='ocrx_word' id='word_1_131' title='bbox 926 2270 958 2317; x_wconf 85' lang='lat' dir='ltr'><strong>et</strong></span> 
     </span>
     <span class='ocr_line' id='line_1_21' title="bbox 118 2354 958 2431; baseline -0.008 -12"><span class='ocrx_word' id='word_1_132' title='bbox 118 2355 263 2431; x_wconf 78' lang='lat' dir='ltr'><strong>aopopdi</strong></span> <span class='ocrx_word' id='word_1_133' title='bbox 290 2355 517 2413; x_wconf 85' lang='lat' dir='ltr'><strong>bonevoientiam</strong></span> <span class='ocrx_word' id='word_1_134' title='bbox 540 2356 615 2413; x_wconf 78' lang='lat' dir='ltr'><strong>mihi</strong></span> <span class='ocrx_word' id='word_1_135' title='bbox 643 2354 842 2426; x_wconf 57' lang='lat' dir='ltr'><strong>considium,</strong></span> <span class='ocrx_word' id='word_1_136' title='bbox 870 2356 958 2431; x_wconf 77' lang='lat' dir='ltr'><strong>cujus</strong></span> 
     </span>
     <span class='ocr_line' id='line_1_22' title="bbox 163 2450 958 2527; baseline 0 -19"><span class='ocrx_word' id='word_1_137' title='bbox 163 2451 211 2527; x_wconf 84' lang='lat' dir='ltr'><strong>jue</strong></span> <span class='ocrx_word' id='word_1_138' title='bbox 229 2451 316 2510; x_wconf 88' lang='lat' dir='ltr'><strong>etiam</strong></span> <span class='ocrx_word' id='word_1_139' title='bbox 336 2471 403 2509; x_wconf 88' lang='lat' dir='ltr'><strong>oum</strong></span> <span class='ocrx_word' id='word_1_140' title='bbox 423 2451 574 2509; x_wconf 78' lang='lat' dir='ltr'><strong>seditionis</strong></span> <span class='ocrx_word' id='word_1_141' title='bbox 592 2451 799 2527; x_wconf 82' lang='lat' dir='ltr'><strong>oonjnnotione</strong></span> <span class='ocrx_word' id='word_1_142' title='bbox 820 2450 958 2508; x_wconf 81' lang='lat' dir='ltr'><strong>defende-</strong></span> 
     </span>
     <span class='ocr_line' id='line_1_23' title="bbox 166 2547 956 2626; baseline -0.004 -19"><span class='ocrx_word' id='word_1_143' title='bbox 166 2568 237 2617; x_wconf 85' lang='lat' dir='ltr'><strong>ram,</strong></span> <span class='ocrx_word' id='word_1_144' title='bbox 264 2559 293 2607; x_wconf 91' lang='lat' dir='ltr'><strong>et</strong></span> <span class='ocrx_word' id='word_1_145' title='bbox 316 2549 447 2626; x_wconf 78' lang='lat' dir='ltr'><strong>judicum</strong></span> <span class='ocrx_word' id='word_1_146' title='bbox 475 2548 587 2617; x_wconf 73' lang='lat' dir='ltr'><strong>animos</strong></span> <span class='ocrx_word' id='word_1_147' title='bbox 611 2558 696 2619; x_wconf 84' lang='lat' dir='ltr'><strong>totos,</strong></span> <span class='ocrx_word' id='word_1_148' title='bbox 718 2547 761 2604; x_wconf 84' lang='lat' dir='ltr'><strong>vel</strong></span> <span class='ocrx_word' id='word_1_149' title='bbox 789 2547 956 2605; x_wconf 77' lang='lat' dir='ltr'><strong>calamitate</strong></span> 
     </span>
     <span class='ocr_line' id='line_1_24' title="bbox 166 2644 956 2720; baseline -0.003 -17"><span class='ocrx_word' id='word_1_150' title='bbox 166 2646 300 2718; x_wconf 85' lang='lat' dir='ltr'><strong>eivitatis‚</strong></span> <span class='ocrx_word' id='word_1_151' title='bbox 321 2645 365 2703; x_wconf 85' lang='lat' dir='ltr'><strong>vel</strong></span> <span class='ocrx_word' id='word_1_152' title='bbox 385 2645 466 2702; x_wconf 87' lang='lat' dir='ltr'><strong>luotu</strong></span> <span class='ocrx_word' id='word_1_153' title='bbox 488 2664 524 2703; x_wconf 87' lang='lat' dir='ltr'><strong>oo</strong></span> <span class='ocrx_word' id='word_1_154' title='bbox 551 2644 693 2702; x_wconf 86' lang='lat' dir='ltr'><strong>desiderio</strong></span> <span class='ocrx_word' id='word_1_155' title='bbox 715 2644 956 2720; x_wconf 78' lang='lat' dir='ltr'><strong>propinquorum,</strong></span> 
     </span>
     <span class='ocr_line' id='line_1_25' title="bbox 165 2740 961 2818; baseline 0 -19"><span class='ocrx_word' id='word_1_156' title='bbox 165 2742 211 2799; x_wconf 81' lang='lat' dir='ltr'><strong>vel</strong></span> <span class='ocrx_word' id='word_1_157' title='bbox 231 2742 298 2804; x_wconf 84' lang='lat' dir='ltr'><strong>odio</strong></span> <span class='ocrx_word' id='word_1_158' title='bbox 315 2741 433 2818; x_wconf 84' lang='lat' dir='ltr'><strong>proprio</strong></span> <span class='ocrx_word' id='word_1_159' title='bbox 452 2741 483 2798; x_wconf 90' lang='lat' dir='ltr'><strong>in</strong></span> <span class='ocrx_word' id='word_1_160' title='bbox 503 2740 680 2817; x_wconf 80' lang='lat' dir='ltr'><strong>Caepionem,</strong></span> <span class='ocrx_word' id='word_1_161' title='bbox 696 2740 732 2799; x_wconf 84' lang='lat' dir='ltr'><strong>ad</strong></span> <span class='ocrx_word' id='word_1_162' title='bbox 753 2758 869 2797; x_wconf 83' lang='lat' dir='ltr'><strong>oausam</strong></span> <span class='ocrx_word' id='word_1_163' title='bbox 889 2758 961 2799; x_wconf 81' lang='lat' dir='ltr'><strong>nos·</strong></span> 
     </span>
     <span class='ocr_line' id='line_1_26' title="bbox 119 2835 961 2914; baseline -0.007 -15"><span class='ocrx_word' id='word_1_164' title='bbox 119 2848 240 2902; x_wconf 51' lang='lat' dir='ltr'><strong>§tram</strong></span> <span class='ocrx_word' id='word_1_165' title='bbox 260 2849 474 2909; x_wconf 68' lang='lat' dir='ltr'><strong>converteram</strong></span> <span class='ocrx_word' id='word_1_166' title='bbox 493 2848 566 2895; x_wconf 84' lang='lat' dir='ltr'><strong>tuno</strong></span> <span class='ocrx_word' id='word_1_167' title='bbox 587 2838 746 2895; x_wconf 83' lang='lat' dir='ltr'><strong>admiscere</strong></span> <span class='ocrx_word' id='word_1_168' title='bbox 766 2836 837 2895; x_wconf 84' lang='lat' dir='ltr'><strong>huie</strong></span> <span class='ocrx_word' id='word_1_169' title='bbox 855 2835 961 2914; x_wconf 84' lang='lat' dir='ltr'><strong>generi</strong></span> 
     </span>
     <span class='ocr_line' id='line_1_27' title="bbox 164 2932 962 3011; baseline -0.008 -16"><span class='ocrx_word' id='word_1_170' title='bbox 164 2933 306 2996; x_wconf 85' lang='lat' dir='ltr'><strong>orationis</strong></span> <span class='ocrx_word' id='word_1_171' title='bbox 331 2935 494 3011; x_wconf 72' lang='lat' dir='ltr'><strong>vehementi</strong></span> <span class='ocrx_word' id='word_1_172' title='bbox 521 2944 607 3009; x_wconf 84' lang='lat' dir='ltr'><strong>atque</strong></span> <span class='ocrx_word' id='word_1_173' title='bbox 633 2934 726 2992; x_wconf 73' lang='lat' dir='ltr'><strong>atroci</strong></span> <span class='ocrx_word' id='word_1_174' title='bbox 759 2942 851 3011; x_wconf 75' lang='lat' dir='ltr'><strong>genus</strong></span> <span class='ocrx_word' id='word_1_175' title='bbox 884 2932 962 2991; x_wconf 81' lang='lat' dir='ltr'><strong>illud</strong></span> 
     </span>
     <span class='ocr_line' id='line_1_28' title="bbox 164 3028 1044 3110; baseline -0.003 -18"><span class='ocrx_word' id='word_1_176' title='bbox 164 3033 288 3092; x_wconf 73' lang='lat' dir='ltr'><strong>alterum</strong></span> <span class='ocrx_word' id='word_1_177' title='bbox 322 3029 373 3110; x_wconf 82' lang='lat' dir='ltr'><strong>(de</strong></span> <span class='ocrx_word' id='word_1_178' title='bbox 397 3048 455 3109; x_wconf 87' lang='lat' dir='ltr'><strong>quo</strong></span> <span class='ocrx_word' id='word_1_179' title='bbox 482 3039 549 3089; x_wconf 81' lang='lat' dir='ltr'><strong>onte</strong></span> <span class='ocrx_word' id='word_1_180' title='bbox 581 3028 739 3108; x_wconf 83' lang='lat' dir='ltr'><strong>disputavi)</strong></span> <span class='ocrx_word' id='word_1_181' title='bbox 772 3028 901 3089; x_wconf 81' lang='lat' dir='ltr'><strong>lenitatis</strong></span> <span class='ocrx_word' id='word_1_182' title='bbox 927 3037 962 3087; x_wconf 84' lang='lat' dir='ltr'><strong>et</strong></span> <span class='ocrx_word' id='word_1_183' title='bbox 1043 3086 1044 3089; x_wconf 74' lang='grc'>,</span> 
     </span>
    </p>
   </div>
   <div class='ocr_carea' id='block_1_4' title="bbox 0 0 1065 3417">
    <p class='ocr_par' dir='ltr' id='par_1_4' title="bbox 0 0 1065 3417">
     <span class='ocr_line' id='line_1_29' title="bbox 0 0 1065 3417; baseline 0 0"><span class='ocrx_word' id='word_1_184' title='bbox 0 0 1065 3417; x_wconf 95' lang='lat' dir='ltr'><strong> </strong></span> 
     </span>
    </p>
   </div>
  </div>
 </body>
</html>
