2109 3417
110 300 152 363 50
430 312 474 359 nu
494 309 659 358 oasuoau.
859 306 941 366 [nu.

196 460 379 537 Golliguntur
400 479 416 517 a
435 459 546 517 Graecis
567 458 622 515 alia
645 454 793 526 nonnulla,
813 472 944 515 exsecra·
1039 444 1040 485 Ὗ

157 556 260 627 tiones,
277 556 485 626 admirationes,
500 554 680 612 minutiones.
723 551 781 609 Sed
802 551 865 607 baeo
880 550 945 625 ipsa

157 651 244 709 nimis
263 651 334 708 mihi
347 652 444 710 rideor
464 650 554 708 multa
567 649 597 707 in
613 667 720 726 genera
740 646 941 722 descripsisse:

157 766 224 805 nam
250 748 308 818 illa,
329 766 391 821 quae
415 739 493 804 verbi
519 746 631 804 ratione
650 754 680 802 et
700 744 727 802 vi
748 743 943 813 continentur,
967 784 969 789 ,

127 853 238 901 dcerta
257 844 371 901 fereae
391 843 507 900 delinita
525 852 611 901 suntt
630 860 693 917 quae
712 841 889 916 plerumque,
910 847 943 896 ut

159 938 225 998 aute
238 940 306 1011 dixi,
320 933 429 997 laudari
443 939 544 1015 magis,
559 957 644 1013 quam
658 937 755 1008 rideri,
770 936 870 993 solent,

197 1035 271 1093 Haeo
291 1044 395 1107 autem,
409 1054 473 1109 quaa
488 1034 598 1091 suntin
613 1052 653 1105 re,
668 1043 699 1091 et
711 1032 740 1089 iu
749 1032 817 1108 'ipsi
830 1040 944 1090 senteu-

159 1131 209 1202 n‘i,
223 1131 350 1206 partibus
368 1141 435 1188 sunt
455 1130 684 1201 innumerabilia,
703 1129 856 1205 generibus
875 1147 944 1203 pau-

160 1246 203 1285 ca
244 1227 513 1303 Exspectationib'us
526 1227 603 1285 enim
618 1225 805 1301 decipiendis,
820 1234 850 1283 et
862 1212 944 1283 riatu-

114 1334 145 1385 10
160 1324 199 1382 ris
219 1324 337 1383 aliorum
358 1324 519 1395 irridendis,
535 1323 658 1399 ipsorum
680 1321 801 1380 ridicule
815 1321 943 1380 indican-

159 1422 214 1493 dis,
234 1431 263 1479 et
282 1421 468 1479 similitudine
490 1420 634 1496 turpioris,
655 1429 684 1476 et
704 1418 942 1491 dissimulatione,

160 1526 189 1575 et
201 1516 375 1574 subabsurda
396 1516 529 1587 dicendo,
544 1526 574 1573 et
591 1516 678 1573 stulta
696 1514 942 1591 reprehendendo,

160 1612 234 1669 risus
254 1623 409 1671 morentur.
450 1612 551 1687 Itaque
579 1611 749 1669 imbuendus
775 1610 873 1682 estis,
893 1610 943 1685 qui

158 1710 257 1786 jocose
270 1708 329 1767 vult
346 1709 452 1779 dicere,
466 1709 547 1785 quasi
567 1709 670 1766 naturd
690 1708 812 1782 quddam
828 1708 893 1783 apti
908 1707 944 1765 ad

116 1810 146 1859 15
161 1806 223 1863 haec
242 1824 357 1881 genera,
377 1816 406 1864 et
426 1805 563 1877 moribus,
584 1814 616 1863 ut
637 1804 672 1863 ad
699 1804 837 1880 cujusque
864 1803 943 1862 modi

160 1920 251 1979 genus
271 1900 383 1959 ridiculi
404 1903 496 1959 vultus
516 1901 601 1959 etiam
624 1901 872 1959 accommodetur:
893 1898 944 1974 qui

160 1998 275 2072 quidem
303 2017 358 2073 quo
383 1998 506 2055 severior
534 2007 577 2055 est
600 2007 630 2055 et
652 1996 768 2067 tristior,
792 2006 824 2053 ut
850 1996 880 2054 in
903 2006 944 2067 te,

160 2094 274 2166 Crasse,
297 2095 352 2153 hoc
375 2094 433 2166 illa,
457 2114 519 2170 quaa
543 2093 688 2165 dicuutur,
711 2092 830 2151 salsiora
852 2092 945 2151 videri

161 2191 260 2251 solent.

114 2296 147 2347 20
200 2290 258 2347 Sed
275 2288 333 2364 jam
354 2296 395 2359 tu,
416 2287 537 2360 Antoni,
558 2284 606 2363 qui
627 2288 682 2345 hoo
702 2285 859 2345 diversorio
886 2305 946 2345 ser·

160 2385 254 2443 monis
274 2383 330 2440 mei
350 2383 471 2442 libenter
491 2384 688 2459 acquieturum
708 2392 819 2440 te‘esse
835 2383 946 2456 dixisti,

160 2490 292 2554 tanquam
314 2479 343 2536 in
369 2478 533 2537 Pomtinum
560 2478 717 2549 diverteris,
737 2497 832 2553 neque
858 2498 946 2537 amte-
1039 2509 1040 2549 t

160 2593 230 2632 num
248 2590 341 2647 neque
362 2574 502 2632 salubrem
521 2573 627 2647 locum,
642 2592 747 2632 censeo
761 2584 793 2631 ut
806 2574 875 2633 satis
892 2575 946 2634 diu

160 2678 190 2725 te
215 2678 296 2745 putes
322 2670 476 2745 requiesse,
495 2681 526 2729 et
552 2671 605 2747 iter
632 2670 772 2746 reliquum
800 2672 947 2731 conticere

114 2768 147 2817 ὅ
160 2784 270 2842 pergas.
320 2764 385 2843 Ego
407 2784 483 2839 vero,
507 2776 591 2843 atque
618 2766 708 2826 hilare
734 2767 849 2843 quidem
874 2787 890 2825 a
915 2778 948 2827 to

160 2871 305 2937 acceptus,
333 2862 435 2937 inquit,
461 2872 491 2921 et
516 2881 585 2929 curn
610 2862 720 2922 doctior
745 2882 796 2940 per
822 2874 860 2935 te,
881 2873 947 2921 tum

160 2956 246 3015 etiam
267 2959 403 3017 audacior
422 2959 514 3017 factus
534 2978 596 3017 surn
618 2959 652 3016 ad
670 2958 832 3035 jocandum.
874 2958 947 3017 Non

161 3054 237 3113 enim
251 3074 359 3129 vereor,
372 3074 410 3115 ue
422 3054 486 3131 quis
504 3072 551 3113 me
564 3055 595 3113 in
608 3054 663 3114 isto
681 3072 787 3133 genere
806 3053 947 3115 leviorem
