2109 3417
111 286 169 350 152
429 296 472 345 na
495 294 659 343 carrona.
855 294 957 355 [mm
1027 293 1028 313 ¹

156 456 204 504 aut
223 464 404 522 quocumque
423 445 519 517 modo,
534 463 593 503 non
612 453 645 501 ut
665 442 775 500 dictum
797 452 854 515 est,
870 443 905 501 in
919 463 956 501 eo

153 562 259 621 genere
273 543 451 620 intelligitur,
465 541 515 599 sed
529 553 562 600 ut
575 560 691 600 sensum
706 551 757 597 est.

192 734 303 795 XLIII.
335 736 489 795 Abutimur
508 754 583 811 saepe
603 732 690 792 etiarn
708 734 796 792 verbo
810 752 873 791 non
888 745 953 791 tam

150 834 309 911 eleganter,
336 853 422 909 quam
450 834 479 889 in
506 832 719 901 transferend03
750 831 800 887 sed
829 832 950 887 etiamsi
1027 854 1028 895 t

122 930 298 1002 olicentius,
319 941 414 987 tamen
435 928 577 985 interdum
603 946 659 985 non
684 928 885 1001 impudenter:
917 940 950 984 ut

155 1046 221 1084 cum
245 1027 384 1100 grandem
410 1027 561 1083 orationem
588 1042 640 1100 pro
667 1026 781 1102 magnai,
806 1024 948 1080 minutum
1027 1032 1028 1047 *

154 1124 275 1180 animum
288 1141 339 1197 pro
352 1142 450 1198 parvo,
464 1122 595 1180 dicimus.
637 1122 746 1179 Verum
765 1122 815 1179 illa
827 1122 948 1181 videtis·

154 1238 193 1276 ne
206 1238 268 1275 esse
281 1238 339 1275 non
354 1219 442 1291 verbi,
456 1220 506 1275 sed
522 1218 671 1290 'orationis
687 1238 748 1293 quae
763 1219 947 1294 expluribus
1027 1276 1028 1301 ,

156 1315 202 1392 (ut
215 1316 345 1394 exposui)
357 1315 589 1373 translationibus
603 1334 734 1373 connexa
747 1318 833 1374 suntl
872 1318 948 1375 Haec

109 1422 141 1471 10
156 1422 260 1482 autem,
282 1429 344 1484 quae
365 1421 413 1468 aut
433 1413 582 1469 immutata
609 1429 671 1467 esse
698 1410 766 1482 diri,
788 1421 837 1468 ant
864 1414 947 1470 aliter

157 1505 351 1585 intelligenda,
373 1525 407 1563 ac
427 1508 600 1578 dicerentur,
622 1517 688 1564 sunt
713 1507 853 1564 translata
877 1528 948 1583 quo-

154 1602 220 1660 dam
241 1604 335 1661 modo.
375 1603 421 1660 Ita
440 1602 481 1673 fit,
496 1612 527 1659 ut
541 1603 634 1659 omnis
652 1602 830 1679 singulorum
844 1606 948 1661 verbo-

156 1718 220 1756 rum
239 1700 328 1756 virtus
349 1709 432 1773 atque
456 1699 518 1756 laus
543 1699 634 1756 tribus
661 1700 763 1757 existat
783 1718 820 1755 ex
839 1700 945 1757 rebus:

156 1795 180 1851 si
196 1805 244 1852 aut
257 1805 398 1852 vetustum
418 1796 534 1852 verbum
556 1794 601 1867 sit,
616 1796 692 1868 quod
712 1806 807 1853 tamen
823 1815 946 1855 consue-

109 1907 141 1955 15
156 1890 226 1947 tudo
247 1890 319 1946 ferre
339 1891 444 1965 possit;
467 1901 516 1948 aut
536 1889 642 1948 sactum
661 1892 704 1949 rel
726 1894 944 1969 conjunctione,

155 1985 198 2041 rel
213 1985 348 2057 novitate,
364 1987 392 2043 in
407 2004 463 2061 quo
478 1986 547 2042 item
567 1996 611 2043 est
630 1988 745 2045 auribus
757 1990 944 2047 consuetudi-

156 2081 243 2155 nique
265 2080 484 2161 [parcendum]
508 2092 556 2138 aut
573 2082 750 2155 translatum,
765 2084 841 2157 quod
856 2086 945 2141 maxi-

157 2196 212 2247 me,
226 2188 360 2251 tanquam
381 2177 470 2234 stellis
490 2177 670 2251 quibusdam,
691 2187 771 2235 notat
790 2187 819 2233 et
841 2178 944 2235 illumi·

155 2283 205 2329 nat
218 2272 384 2331 orationem.

108 2384 141 2433 ω
195 2369 330 2443 Sequitur
351 2369 530 2428 continuatio
549 2371 709 2443 verborum,
723 2388 785 2446 quae
807 2370 943 2429 dusares

156 2465 290 2537 maxime,
305 2465 526 2523 collocationem
547 2466 680 2541 primum,
701 2466 804 2524 deinde
825 2468 941 2525 modum

157 2559 299 2634 quendam
329 2559 514 2635 formamque,
543 2560 693 2619 desiderat.
734 2560 942 2622 Collocationis

156 2666 200 2713 est
213 2674 384 2732 componere
397 2666 425 2714 et
438 2667 549 2715 struere
562 2658 649 2715 verba
661 2657 713 2729 sic,
728 2668 760 2716 ut
772 2677 845 2716 neve
862 2678 940 2736 asper
1027 2666 1028 2717 1

158 2770 257 2810 corum
278 2737 436 2809 concursus
456 2770 527 2809 neve
548 2752 662 2811 hiulcus
681 2753 727 2824 sit,
741 2754 791 2811 sed
807 2756 940 2829 quodam·

109 2866 142 2915 25
156 2848 243 2906 modo
256 2857 471 2925 coagmentatus
491 2857 521 2904 et
540 2848 626 2907 laevis.
667 2848 702 2906 In
722 2868 779 2924 quo
799 2849 893 2925 lepide
911 2853 939 2911 in

156 2943 250 3004 soceri
265 2943 323 3000 mei
342 2941 464 3018 persona
484 2941 554 2999 lusit
571 2942 605 3015 is,
619 2942 668 3018 qui
689 2943 899 3023 elegantissime
912 2947 941 3004 id

157 3039 252 3098 facere
264 3037 368 3114 potuit,
382 3033 522 3109 Lucilius,
