2109 3417
117 301 214 361 nnn
402 300 445 346 nn
467 300 630 347 onsronn.
895 291 951 350 109
1044 378 1045 393 χ

116 468 151 511 se
163 467 263 507 ornnes
281 448 343 505 sere
362 449 527 507 Socraticos
548 468 612 505 osse
631 449 777 519 dicerent;
798 448 905 506 Eretri-

118 564 229 617 corum,
256 544 451 617 Herilliorum,
476 545 701 622 Megaricorum,
728 545 905 621 Pyrrhoneo-

117 660 198 713 rum3
226 642 276 699 sed
296 642 452 712 ethorum
472 643 499 700 ri
520 653 550 700 et
570 643 810 717 disputationibus
838 653 906 701 sunt

115 738 225 815 jamdiu
246 738 336 796 stacta
353 749 382 796 et
399 740 549 797 exstincta.
591 740 636 797 Ex
650 740 705 796 iliis
721 750 825 812 autern,
841 758 905 814 quar

68 827 70 832 ¹
117 847 276 904 remanent,
296 853 332 892 ea
355 835 547 911 philosophia,
568 854 631 910 quae
658 836 785 911 suscepit
810 841 937 911 patro-5

118 929 238 989 oinium.
248 931 409 1006 voluptatis,
422 931 476 988 etsi
496 932 545 989 oui
566 950 632 989 vera
649 932 789 1002 videatur,
802 932 907 1007 prooui

117 1028 199 1091 abest
224 1037 321 1084 tamen
348 1028 384 1085 ab
411 1046 447 1088 eo
468 1028 544 1099 viro,
572 1042 656 1103 quern
684 1028 847 1103 quaerimus,
875 1038 906 1085 et

116 1142 202 1199 quem
236 1134 384 1181 auctorem
415 1124 524 1199 publici
558 1124 682 1193 consilii,
706 1134 739 1183 et
771 1125 904 1201 gerenda
939 1187 941 1191 ,

117 1222 240 1280 civitatis
260 1222 375 1293 duoem,
395 1232 425 1279 et
447 1222 594 1279 sentartiae
622 1233 706 1297 atque
733 1222 906 1298 eloquentia

115 1318 285 1394 prinoipem,
299 1317 330 1375 in
349 1328 461 1387 senatu,
483 1318 512 1373 in
532 1319 648 1393 populo,
670 1318 699 1375 in
720 1320 815 1376 causis
833 1320 951 1395 pub-1⁰

116 1414 191 1485 licis,
204 1433 268 1471 esse
281 1414 420 1470 volumus.
462 1412 528 1470 Neo
549 1414 608 1470 ulla
626 1424 722 1470 tamen
739 1414 767 1471 si
779 1415 905 1489 philoso-

115 1510 191 1586 phiae
211 1510 260 1567 fiet
280 1510 385 1585 injuria
404 1527 423 1565 a
441 1510 532 1566 nobis.
577 1508 645 1567 Non
659 1509 735 1566 enirn
750 1510 905 1584 repelletur

111 1606 195 1677 inde,
209 1624 267 1679 quo
287 1605 404 1681 aggredi
425 1606 537 1680 cupiet:
559 1606 609 1662 sed
624 1605 655 1661 in
671 1605 790 1661 hortulis
811 1605 904 1679 quies·
933 1616 941 1633 ·

117 1712 165 1759 oet
190 1701 260 1772 suis,
281 1702 331 1759 nbi
351 1702 420 1772 vult,
441 1702 491 1759 ubi
510 1701 598 1758 etiarn
618 1702 759 1757 recubans
779 1702 902 1759 molliter

116 1805 146 1856 e't
173 1798 306 1869 delicate,
327 1817 381 1855 nos
407 1808 508 1855 avocat
529 1817 545 1855 a
566 1797 674 1868 rostris,
697 1816 712 1855 a
736 1797 863 1872 judiciis,
886 1818 905 1855 a
919 1806 950 1855 15

116 1894 209 1966 auriti,
230 1894 349 1952 sortasse
369 1895 521 1971 sapienter,
543 1895 597 1951 hao
617 1894 773 1971 praesertim
800 1896 903 1970 repub-

115 1992 183 2052 liet.
223 1992 333 2050 Verum
343 2010 402 2068 ego
415 2010 473 2049 non
494 2010 591 2065 quaero
611 2008 699 2062 nuno,
713 2010 775 2066 quae
789 1991 826 2048 sit
839 1991 903 2067 phi·

114 2088 247 2165 losopltia
273 2088 427 2159 verissima,
448 2088 499 2145 sed
525 2106 588 2162 quae
615 2088 721 2145 oratori
748 2088 903 2164 conjuncta

115 2186 247 2244 maxime.
294 2185 396 2247 Quare
416 2185 486 2241 istos
505 2184 568 2241 sine
588 2184 647 2241 ullis
667 2184 842 2241 contumelit
861 2184 903 2241 di·

115 2280 278 2339 mittamus:
299 2292 366 2337 sunt
386 2281 462 2337 enim
483 2291 514 2337 et
533 2280 602 2337 boni
623 2280 685 2351 viri,
702 2290 731 2336 et
752 2279 901 2357 (quoniam
917 2284 952 2336 2⁰

116 2375 172 2432 sibi
185 2375 226 2433 ita
239 2376 384 2452 ridentur)
395 2376 488 2446 beati3
509 2386 679 2449 tantumque
687 2392 738 2432 eos
752 2376 901 2433 admouea-

115 2488 190 2542 rnns,
210 2481 243 2529 ut
262 2471 342 2543 iliud,
363 2472 450 2529 etiarn
470 2472 495 2529 si
514 2482 558 2529 est
579 2471 766 2543 verissimum,
780 2472 901 2532 tacitum

115 2578 223 2638 tan,
242 2577 379 2642 tanquam
405 2567 580 2643 mysterium,
601 2578 727 2639 teneant,
749 2568 825 2642 quod
852 2588 901 2626 ne·

115 2674 185 2743 gant
199 2662 306 2719 versari
325 2663 355 2720 in
375 2663 523 2738 republicis
544 2682 607 2721 esse
626 2663 771 2738 sapientis.
812 2664 842 2721 N
845 2684 900 2738 am,

115 2760 142 2819 si
161 2760 218 2818 hon
237 2759 321 2817 nobis
342 2771 426 2835 atque
446 2760 555 2835 optimo
575 2760 679 2835 auique
698 2761 900 2836 persuaserint,
916 2766 949 2815 25

114 2874 175 2917 non
185 2866 322 2934 poterunt
334 2856 390 2935 ipsi
403 2874 466 2916 esse
481 2855 523 2934 (id
539 2858 615 2934 quod
629 2856 753 2915 maxime
766 2858 899 2937 eupiunt)

114 2953 209 3021 otton.
