<?xml version="1.0" encoding="UTF-8"?>
<!DOCTYPE html PUBLIC "-//W3C//DTD XHTML 1.0 Transitional//EN"
    "http://www.w3.org/TR/xhtml1/DTD/xhtml1-transitional.dtd">
<html xmlns="http://www.w3.org/1999/xhtml" xml:lang="en" lang="en">
 <head>
  <title>
</title>
<meta http-equiv="Content-Type" content="text/html;charset=utf-8" />
  <meta name='ocr-system' content='tesseract 3.04.00' />
  <meta name='ocr-capabilities' content='ocr_page ocr_carea ocr_par ocr_line ocrx_word'/>
</head>
<body>
  <div class='ocr_page' id='page_1' title='image "./mtciceronisadqu00dillgoog_0322.png"; bbox 0 0 2109 3417; ppageno 0'>
   <div class='ocr_carea' id='block_1_1' title="bbox 438 283 957 345">
    <p class='ocr_par' dir='ltr' id='par_1_1' title="bbox 438 283 957 345">
     <span class='ocr_line' id='line_1_1' title="bbox 438 283 957 345; baseline 0.01 -15"><span class='ocrx_word' id='word_1_1' title='bbox 438 283 482 331; x_wconf 84' lang='lat' dir='ltr'><strong>nn</strong></span> <span class='ocrx_word' id='word_1_2' title='bbox 503 283 669 331; x_wconf 74' lang='lat' dir='ltr'><strong>oss-ross.</strong></span> <span class='ocrx_word' id='word_1_3' title='bbox 856 285 898 345; x_wconf 83' lang='lat' dir='ltr'><strong>[n.</strong></span> <span class='ocrx_word' id='word_1_4' title='bbox 907 286 957 339; x_wconf 86' lang='lat'>111.</span> 
     </span>
    </p>
   </div>
   <div class='ocr_carea' id='block_1_2' title="bbox 55 429 955 2833">
    <p class='ocr_par' dir='ltr' id='par_1_2' title="bbox 55 429 955 2833">
     <span class='ocr_line' id='line_1_2' title="bbox 160 429 955 507; baseline 0.009 -20"><span class='ocrx_word' id='word_1_5' title='bbox 160 429 277 507; x_wconf 83' lang='lat' dir='ltr'><strong>qnidnrn</strong></span> <span class='ocrx_word' id='word_1_6' title='bbox 304 430 434 489; x_wconf 89' lang='lat' dir='ltr'><strong>omnium</strong></span> <span class='ocrx_word' id='word_1_7' title='bbox 460 432 543 507; x_wconf 82' lang='lat' dir='ltr'><strong>qussi</strong></span> <span class='ocrx_word' id='word_1_8' title='bbox 569 450 728 491; x_wconf 83' lang='lat' dir='ltr'><strong>eonsensus</strong></span> <span class='ocrx_word' id='word_1_9' title='bbox 754 431 955 494; x_wconf 79' lang='lat' dir='ltr'><strong>doctrinarum</strong></span> 
     </span>
     <span class='ocr_line' id='line_1_3' title="bbox 161 528 955 609; baseline 0.006 -25"><span class='ocrx_word' id='word_1_10' title='bbox 161 537 377 602; x_wconf 86' lang='lat' dir='ltr'><strong>oonoentusque</strong></span> <span class='ocrx_word' id='word_1_11' title='bbox 409 530 557 605; x_wconf 82' lang='lat' dir='ltr'><strong>reperitur.</strong></span> <span class='ocrx_word' id='word_1_12' title='bbox 613 528 672 587; x_wconf 84' lang='lat' dir='ltr'><strong>Sed</strong></span> <span class='ocrx_word' id='word_1_13' title='bbox 698 529 724 609; x_wconf 90' lang='lat' dir='ltr'><strong>si</strong></span> <span class='ocrx_word' id='word_1_14' title='bbox 750 529 807 588; x_wconf 90' lang='lat' dir='ltr'><strong>hoo</strong></span> <span class='ocrx_word' id='word_1_15' title='bbox 836 549 955 607; x_wconf 87' lang='lat' dir='ltr'><strong>quoque</strong></span> 
     </span>
     <span class='ocr_line' id='line_1_4' title="bbox 160 624 952 701; baseline 0.008 -21"><span class='ocrx_word' id='word_1_16' title='bbox 160 624 272 681; x_wconf 84' lang='lat' dir='ltr'><strong>videtur</strong></span> <span class='ocrx_word' id='word_1_17' title='bbox 291 642 354 683; x_wconf 77' lang='lat' dir='ltr'><strong>esse</strong></span> <span class='ocrx_word' id='word_1_18' title='bbox 375 625 469 697; x_wconf 86' lang='lat' dir='ltr'><strong>nitius,</strong></span> <span class='ocrx_word' id='word_1_19' title='bbox 483 644 580 701; x_wconf 80' lang='lat' dir='ltr'><strong>quarn.</strong></span> <span class='ocrx_word' id='word_1_20' title='bbox 590 638 622 683; x_wconf 89' lang='lat' dir='ltr'><strong>ut</strong></span> <span class='ocrx_word' id='word_1_21' title='bbox 642 626 671 683; x_wconf 91' lang='lat' dir='ltr'><strong>id</strong></span> <span class='ocrx_word' id='word_1_22' title='bbox 685 640 748 698; x_wconf 79' lang='lat' dir='ltr'><strong>nos,</strong></span> <span class='ocrx_word' id='word_1_23' title='bbox 763 626 843 685; x_wconf 88' lang='lat' dir='ltr'><strong>humi</strong></span> <span class='ocrx_word' id='word_1_24' title='bbox 857 628 952 701; x_wconf 85' lang='lat' dir='ltr'><strong>strati,</strong></span> 
     </span>
     <span class='ocr_line' id='line_1_5' title="bbox 55 721 953 800; baseline 0.006 -22"><span class='ocrx_word' id='word_1_25' title='bbox 55 742 59 745; x_wconf 87' lang='grc'><em>·</em></span> <span class='ocrx_word' id='word_1_26' title='bbox 160 721 306 797; x_wconf 80' lang='lat' dir='ltr'><strong>suspicere</strong></span> <span class='ocrx_word' id='word_1_27' title='bbox 337 722 489 798; x_wconf 85' lang='lat' dir='ltr'><strong>possimus,</strong></span> <span class='ocrx_word' id='word_1_28' title='bbox 519 722 591 779; x_wconf 90' lang='lat' dir='ltr'><strong>illud</strong></span> <span class='ocrx_word' id='word_1_29' title='bbox 624 733 703 780; x_wconf 85' lang='lat' dir='ltr'><strong>oerte</strong></span> <span class='ocrx_word' id='word_1_30' title='bbox 736 732 844 795; x_wconf 81' lang='lat' dir='ltr'><strong>tannen,</strong></span> <span class='ocrx_word' id='word_1_31' title='bbox 870 725 953 800; x_wconf 91' lang='lat' dir='ltr'><strong>qnod</strong></span> 
     </span>
     <span class='ocr_line' id='line_1_6' title="bbox 129 817 953 897; baseline 0.005 -22"><span class='ocrx_word' id='word_1_32' title='bbox 129 817 281 893; x_wconf 69' lang='lat' dir='ltr'><strong>templexi</strong></span> <span class='ocrx_word' id='word_1_33' title='bbox 301 837 410 889; x_wconf 84' lang='lat' dir='ltr'><strong>snmus,</strong></span> <span class='ocrx_word' id='word_1_34' title='bbox 430 819 505 893; x_wconf 92' lang='lat' dir='ltr'><strong>qnod</strong></span> <span class='ocrx_word' id='word_1_35' title='bbox 528 818 704 894; x_wconf 87' lang='lat' dir='ltr'><strong>profitemur,</strong></span> <span class='ocrx_word' id='word_1_36' title='bbox 724 820 801 895; x_wconf 91' lang='lat' dir='ltr'><strong>quod</strong></span> <span class='ocrx_word' id='word_1_37' title='bbox 821 820 953 897; x_wconf 81' lang='lat' dir='ltr'><strong>sussepi-</strong></span> 
     </span>
     <span class='ocr_line' id='line_1_7' title="bbox 158 901 951 986; baseline 0.005 -15"><span class='ocrx_word' id='word_1_38' title='bbox 158 931 232 986; x_wconf 91' lang='lat' dir='ltr'><strong>rnus,</strong></span> <span class='ocrx_word' id='word_1_39' title='bbox 253 912 338 972; x_wconf 85' lang='lat' dir='ltr'><strong>ndsse</strong></span> <span class='ocrx_word' id='word_1_40' title='bbox 358 924 387 971; x_wconf 88' lang='lat' dir='ltr'><strong>et</strong></span> <span class='ocrx_word' id='word_1_41' title='bbox 406 924 505 972; x_wconf 85' lang='lat' dir='ltr'><strong>tenere</strong></span> <span class='ocrx_word' id='word_1_42' title='bbox 532 901 678 972; x_wconf 84' lang='lat' dir='ltr'><strong>debenrus.</strong></span> <span class='ocrx_word' id='word_1_43' title='bbox 719 914 784 973; x_wconf 82' lang='lat' dir='ltr'><strong>Uno</strong></span> <span class='ocrx_word' id='word_1_44' title='bbox 805 925 849 973; x_wconf 87' lang='lat' dir='ltr'><strong>est</strong></span> <span class='ocrx_word' id='word_1_45' title='bbox 869 916 951 975; x_wconf 84' lang='lat' dir='ltr'><strong>enirn</strong></span> 
     </span>
     <span class='ocr_line' id='line_1_8' title="bbox 159 1009 952 1087; baseline 0.006 -21"><span class='ocrx_word' id='word_1_46' title='bbox 159 1009 250 1086; x_wconf 87' lang='lat' dir='ltr'><strong>(quod</strong></span> <span class='ocrx_word' id='word_1_47' title='bbox 263 1020 293 1067; x_wconf 95' lang='lat' dir='ltr'><strong>et</strong></span> <span class='ocrx_word' id='word_1_48' title='bbox 310 1029 365 1087; x_wconf 83' lang='lat' dir='ltr'><strong>ego</strong></span> <span class='ocrx_word' id='word_1_49' title='bbox 384 1010 518 1069; x_wconf 86' lang='lat' dir='ltr'><strong>hesternd</strong></span> <span class='ocrx_word' id='word_1_50' title='bbox 538 1010 586 1068; x_wconf 89' lang='lat' dir='ltr'><strong>die</strong></span> <span class='ocrx_word' id='word_1_51' title='bbox 605 1010 674 1082; x_wconf 86' lang='lat' dir='ltr'>dixi,</span> <span class='ocrx_word' id='word_1_52' title='bbox 695 1021 725 1069; x_wconf 79' lang='lat' dir='ltr'><strong>ot</strong></span> <span class='ocrx_word' id='word_1_53' title='bbox 746 1012 854 1086; x_wconf 82' lang='lat' dir='ltr'><strong>aliquot</strong></span> <span class='ocrx_word' id='word_1_54' title='bbox 872 1012 952 1071; x_wconf 80' lang='lat' dir='ltr'><strong>ioois</strong></span> 
     </span>
     <span class='ocr_line' id='line_1_9' title="bbox 159 1106 949 1189; baseline 0.001 -24"><span class='ocrx_word' id='word_1_55' title='bbox 159 1106 384 1167; x_wconf 77' lang='lat' dir='ltr'><strong>antemeridiano</strong></span> <span class='ocrx_word' id='word_1_56' title='bbox 417 1126 550 1177; x_wconf 75' lang='lat' dir='ltr'><strong>sermone</strong></span> <span class='ocrx_word' id='word_1_57' title='bbox 583 1107 754 1183; x_wconf 83' lang='lat' dir='ltr'><strong>signifioavit</strong></span> <span class='ocrx_word' id='word_1_58' title='bbox 787 1108 949 1189; x_wconf 84' lang='lat' dir='ltr'><strong>Antonius)</strong></span> 
     </span>
     <span class='ocr_line' id='line_1_10' title="bbox 158 1192 950 1281; baseline 0.006 -22"><span class='ocrx_word' id='word_1_59' title='bbox 158 1202 329 1277; x_wconf 79' lang='lat' dir='ltr'><strong>eloquentia,</strong></span> <span class='ocrx_word' id='word_1_60' title='bbox 357 1222 552 1280; x_wconf 81' lang='lat' dir='ltr'><strong>qunsoumque</strong></span> <span class='ocrx_word' id='word_1_61' title='bbox 584 1192 614 1262; x_wconf 93' lang='lat' dir='ltr'><strong>in</strong></span> <span class='ocrx_word' id='word_1_62' title='bbox 647 1199 712 1263; x_wconf 76' lang='lat' dir='ltr'><strong>orus</strong></span> <span class='ocrx_word' id='word_1_63' title='bbox 745 1204 950 1281; x_wconf 84' lang='lat' dir='ltr'><strong>disputationis</strong></span> 
     </span>
     <span class='ocr_line' id='line_1_11' title="bbox 114 1299 950 1377; baseline 0.001 -18"><span class='ocrx_word' id='word_1_64' title='bbox 114 1309 145 1359; x_wconf 84' lang='lat'><strong>1⁰</strong></span> <span class='ocrx_word' id='word_1_65' title='bbox 157 1299 324 1377; x_wconf 79' lang='lat' dir='ltr'><strong>regionesve</strong></span> <span class='ocrx_word' id='word_1_66' title='bbox 337 1299 432 1360; x_wconf 81' lang='lat' dir='ltr'><strong>deletu</strong></span> <span class='ocrx_word' id='word_1_67' title='bbox 444 1310 497 1358; x_wconf 89' lang='lat' dir='ltr'><strong>est.</strong></span> <span class='ocrx_word' id='word_1_68' title='bbox 538 1299 625 1372; x_wconf 81' lang='lat' dir='ltr'><strong>Nom,</strong></span> <span class='ocrx_word' id='word_1_69' title='bbox 640 1300 702 1368; x_wconf 50' lang='lat' dir='ltr'><strong>sive¹</strong></span> <span class='ocrx_word' id='word_1_70' title='bbox 713 1301 749 1357; x_wconf 87' lang='lat' dir='ltr'><strong>de</strong></span> <span class='ocrx_word' id='word_1_71' title='bbox 763 1301 829 1359; x_wconf 87' lang='lat' dir='ltr'><strong>ooeli</strong></span> <span class='ocrx_word' id='word_1_72' title='bbox 843 1302 950 1360; x_wconf 67' lang='lat' dir='ltr'><strong>naturis</strong></span> 
     </span>
     <span class='ocr_line' id='line_1_12' title="bbox 156 1395 949 1470; baseline 0.005 -17"><span class='ocrx_word' id='word_1_73' title='bbox 156 1395 291 1470; x_wconf 88' lang='lat' dir='ltr'><strong>loquitur,</strong></span> <span class='ocrx_word' id='word_1_74' title='bbox 306 1397 366 1453; x_wconf 84' lang='lat' dir='ltr'><strong>sive</strong></span> <span class='ocrx_word' id='word_1_75' title='bbox 379 1397 416 1455; x_wconf 89' lang='lat' dir='ltr'><strong>de</strong></span> <span class='ocrx_word' id='word_1_76' title='bbox 429 1407 521 1468; x_wconf 72' lang='lat' dir='ltr'><strong>terre,</strong></span> <span class='ocrx_word' id='word_1_77' title='bbox 537 1396 596 1453; x_wconf 83' lang='lat' dir='ltr'><strong>sive</strong></span> <span class='ocrx_word' id='word_1_78' title='bbox 616 1396 652 1455; x_wconf 88' lang='lat' dir='ltr'><strong>de</strong></span> <span class='ocrx_word' id='word_1_79' title='bbox 673 1396 770 1454; x_wconf 81' lang='lat' dir='ltr'><strong>divinit</strong></span> <span class='ocrx_word' id='word_1_80' title='bbox 783 1397 820 1468; x_wconf 80' lang='lat' dir='ltr'><strong>vi,</strong></span> <span class='ocrx_word' id='word_1_81' title='bbox 835 1397 898 1455; x_wconf 84' lang='lat' dir='ltr'><strong>sive</strong></span> <span class='ocrx_word' id='word_1_82' title='bbox 911 1399 949 1457; x_wconf 88' lang='lat' dir='ltr'><strong>de</strong></span> 
     </span>
     <span class='ocr_line' id='line_1_13' title="bbox 157 1482 948 1573; baseline 0.005 -22"><span class='ocrx_word' id='word_1_83' title='bbox 157 1493 292 1568; x_wconf 75' lang='lat' dir='ltr'><strong>hamund,</strong></span> <span class='ocrx_word' id='word_1_84' title='bbox 313 1495 373 1553; x_wconf 81' lang='lat' dir='ltr'><strong>sive</strong></span> <span class='ocrx_word' id='word_1_85' title='bbox 396 1512 433 1552; x_wconf 82' lang='lat' dir='ltr'><strong>ex</strong></span> <span class='ocrx_word' id='word_1_86' title='bbox 447 1494 594 1553; x_wconf 79' lang='lat' dir='ltr'><strong>inferiore</strong></span> <span class='ocrx_word' id='word_1_87' title='bbox 619 1482 696 1566; x_wconf 82' lang='lat' dir='ltr'><strong>loeo,</strong></span> <span class='ocrx_word' id='word_1_88' title='bbox 716 1495 776 1553; x_wconf 89' lang='lat' dir='ltr'><strong>sive</strong></span> <span class='ocrx_word' id='word_1_89' title='bbox 797 1514 833 1553; x_wconf 80' lang='lat' dir='ltr'><strong>ex</strong></span> <span class='ocrx_word' id='word_1_90' title='bbox 852 1515 948 1573; x_wconf 73' lang='lat' dir='ltr'><strong>aequo,</strong></span> 
     </span>
     <span class='ocr_line' id='line_1_14' title="bbox 158 1590 949 1668; baseline 0.004 -20"><span class='ocrx_word' id='word_1_91' title='bbox 158 1591 218 1649; x_wconf 83' lang='lat' dir='ltr'><strong>sive</strong></span> <span class='ocrx_word' id='word_1_92' title='bbox 231 1610 267 1649; x_wconf 84' lang='lat' dir='ltr'><strong>ex</strong></span> <span class='ocrx_word' id='word_1_93' title='bbox 282 1591 436 1668; x_wconf 79' lang='lat' dir='ltr'><strong>superiore,</strong></span> <span class='ocrx_word' id='word_1_94' title='bbox 451 1591 511 1648; x_wconf 87' lang='lat' dir='ltr'><strong>sive</strong></span> <span class='ocrx_word' id='word_1_95' title='bbox 531 1602 563 1649; x_wconf 90' lang='lat' dir='ltr'><strong>ut</strong></span> <span class='ocrx_word' id='word_1_96' title='bbox 584 1590 711 1667; x_wconf 79' lang='lat' dir='ltr'><strong>impellat</strong></span> <span class='ocrx_word' id='word_1_97' title='bbox 730 1591 871 1664; x_wconf 87' lang='lat' dir='ltr'><strong>homines,</strong></span> <span class='ocrx_word' id='word_1_98' title='bbox 886 1594 949 1651; x_wconf 85' lang='lat' dir='ltr'><strong>sive</strong></span> 
     </span>
     <span class='ocr_line' id='line_1_15' title="bbox 158 1688 948 1760; baseline 0.004 -15"><span class='ocrx_word' id='word_1_99' title='bbox 158 1697 190 1745; x_wconf 93' lang='lat' dir='ltr'><strong>nt</strong></span> <span class='ocrx_word' id='word_1_100' title='bbox 203 1690 315 1760; x_wconf 78' lang='lat' dir='ltr'><strong>doceat,</strong></span> <span class='ocrx_word' id='word_1_101' title='bbox 330 1688 390 1745; x_wconf 86' lang='lat' dir='ltr'><strong>sive</strong></span> <span class='ocrx_word' id='word_1_102' title='bbox 403 1698 435 1745; x_wconf 92' lang='lat' dir='ltr'><strong>nt</strong></span> <span class='ocrx_word' id='word_1_103' title='bbox 448 1688 600 1759; x_wconf 79' lang='lat' dir='ltr'><strong>deterreat,</strong></span> <span class='ocrx_word' id='word_1_104' title='bbox 614 1688 673 1745; x_wconf 84' lang='lat' dir='ltr'><strong>sive</strong></span> <span class='ocrx_word' id='word_1_105' title='bbox 688 1698 719 1745; x_wconf 90' lang='lat' dir='ltr'><strong>ut</strong></span> <span class='ocrx_word' id='word_1_106' title='bbox 732 1688 872 1760; x_wconf 86' lang='lat' dir='ltr'><strong>eonoitet,</strong></span> <span class='ocrx_word' id='word_1_107' title='bbox 885 1690 948 1749; x_wconf 79' lang='lat' dir='ltr'><strong>sire</strong></span> 
     </span>
     <span class='ocr_line' id='line_1_16' title="bbox 113 1784 947 1857; baseline -0.002 -11"><span class='ocrx_word' id='word_1_108' title='bbox 113 1795 144 1846; x_wconf 80' lang='lat'><strong>15</strong></span> <span class='ocrx_word' id='word_1_109' title='bbox 157 1795 190 1843; x_wconf 90' lang='lat' dir='ltr'><strong>nt</strong></span> <span class='ocrx_word' id='word_1_110' title='bbox 203 1785 341 1855; x_wconf 82' lang='lat' dir='ltr'><strong>reflectat,</strong></span> <span class='ocrx_word' id='word_1_111' title='bbox 355 1785 416 1843; x_wconf 86' lang='lat' dir='ltr'><strong>sire</strong></span> <span class='ocrx_word' id='word_1_112' title='bbox 434 1795 467 1842; x_wconf 91' lang='lat' dir='ltr'><strong>ut</strong></span> <span class='ocrx_word' id='word_1_113' title='bbox 486 1784 632 1855; x_wconf 82' lang='lat' dir='ltr'><strong>inoendat,</strong></span> <span class='ocrx_word' id='word_1_114' title='bbox 654 1784 714 1841; x_wconf 77' lang='lat' dir='ltr'><strong>sine</strong></span> <span class='ocrx_word' id='word_1_115' title='bbox 727 1795 759 1843; x_wconf 91' lang='lat' dir='ltr'><strong>ut</strong></span> <span class='ocrx_word' id='word_1_116' title='bbox 771 1785 871 1857; x_wconf 78' lang='lat' dir='ltr'><strong>leniet,</strong></span> <span class='ocrx_word' id='word_1_117' title='bbox 885 1787 947 1844; x_wconf 87' lang='lat' dir='ltr'><strong>sive</strong></span> 
     </span>
     <span class='ocr_line' id='line_1_17' title="bbox 158 1869 948 1964; baseline 0.005 -25"><span class='ocrx_word' id='word_1_118' title='bbox 158 1882 193 1939; x_wconf 83' lang='lat' dir='ltr'><strong>ad</strong></span> <span class='ocrx_word' id='word_1_119' title='bbox 206 1869 324 1956; x_wconf 79' lang='lat' dir='ltr'><strong>paucos,</strong></span> <span class='ocrx_word' id='word_1_120' title='bbox 338 1881 398 1939; x_wconf 85' lang='lat' dir='ltr'><strong>sive</strong></span> <span class='ocrx_word' id='word_1_121' title='bbox 413 1880 448 1938; x_wconf 82' lang='lat' dir='ltr'><strong>ud</strong></span> <span class='ocrx_word' id='word_1_122' title='bbox 462 1880 575 1952; x_wconf 88' lang='lat' dir='ltr'><strong>multos,</strong></span> <span class='ocrx_word' id='word_1_123' title='bbox 590 1880 650 1939; x_wconf 84' lang='lat' dir='ltr'><strong>sive</strong></span> <span class='ocrx_word' id='word_1_124' title='bbox 664 1880 737 1964; x_wconf 86' lang='lat' dir='ltr'><strong>inter</strong></span> <span class='ocrx_word' id='word_1_125' title='bbox 752 1881 871 1954; x_wconf 78' lang='lat' dir='ltr'><strong>alienos,</strong></span> <span class='ocrx_word' id='word_1_126' title='bbox 885 1884 948 1943; x_wconf 82' lang='lat' dir='ltr'><strong>sive</strong></span> 
     </span>
     <span class='ocr_line' id='line_1_18' title="bbox 157 1976 946 2053; baseline 0.006 -19"><span class='ocrx_word' id='word_1_127' title='bbox 157 1996 224 2035; x_wconf 90' lang='lat' dir='ltr'><strong>oum</strong></span> <span class='ocrx_word' id='word_1_128' title='bbox 247 1977 317 2047; x_wconf 87' lang='lat' dir='ltr'><strong>suis,</strong></span> <span class='ocrx_word' id='word_1_129' title='bbox 338 1977 407 2048; x_wconf 77' lang='lat' dir='ltr'><strong>sive.</strong></span> <span class='ocrx_word' id='word_1_130' title='bbox 420 1995 529 2047; x_wconf 85' lang='lat' dir='ltr'><strong>seeum,</strong></span> <span class='ocrx_word' id='word_1_131' title='bbox 550 1976 618 2035; x_wconf 86' lang='lat' dir='ltr'><strong>rivis</strong></span> <span class='ocrx_word' id='word_1_132' title='bbox 641 1988 683 2035; x_wconf 85' lang='lat' dir='ltr'><strong>est</strong></span> <span class='ocrx_word' id='word_1_133' title='bbox 704 1976 822 2053; x_wconf 81' lang='lat' dir='ltr'><strong>diducta</strong></span> <span class='ocrx_word' id='word_1_134' title='bbox 841 1980 946 2053; x_wconf 81' lang='lat' dir='ltr'><strong>oratio,</strong></span> 
     </span>
     <span class='ocr_line' id='line_1_19' title="bbox 156 2073 946 2151; baseline 0.006 -21"><span class='ocrx_word' id='word_1_135' title='bbox 156 2092 215 2130; x_wconf 91' lang='lat' dir='ltr'><strong>non</strong></span> <span class='ocrx_word' id='word_1_136' title='bbox 237 2073 379 2144; x_wconf 80' lang='lat' dir='ltr'><strong>fontibus3</strong></span> <span class='ocrx_word' id='word_1_137' title='bbox 400 2084 439 2145; x_wconf 88' lang='lat' dir='ltr'><strong>et,</strong></span> <span class='ocrx_word' id='word_1_138' title='bbox 456 2091 638 2149; x_wconf 81' lang='lat' dir='ltr'><strong>quocumque</strong></span> <span class='ocrx_word' id='word_1_139' title='bbox 652 2074 828 2151; x_wconf 81' lang='lat' dir='ltr'><strong>ingreditur,</strong></span> <span class='ocrx_word' id='word_1_140' title='bbox 843 2076 946 2135; x_wconf 85' lang='lat' dir='ltr'><strong>eodem</strong></span> 
     </span>
     <span class='ocr_line' id='line_1_20' title="bbox 156 2168 939 2246; baseline 0.003 -19"><span class='ocrx_word' id='word_1_141' title='bbox 156 2180 200 2227; x_wconf 87' lang='lat' dir='ltr'><strong>est</strong></span> <span class='ocrx_word' id='word_1_142' title='bbox 214 2170 355 2229; x_wconf 80' lang='lat' dir='ltr'><strong>instructu</strong></span> <span class='ocrx_word' id='word_1_143' title='bbox 368 2181 526 2246; x_wconf 83' lang='lat' dir='ltr'><strong>ornatuque</strong></span> <span class='ocrx_word' id='word_1_144' title='bbox 541 2170 685 2229; x_wconf 81' lang='lat' dir='ltr'><strong>comitata.</strong></span> <span class='ocrx_word' id='word_1_145' title='bbox 777 2212 780 2219; x_wconf 38' lang='lat'><strong>⁴</strong></span> <span class='ocrx_word' id='word_1_146' title='bbox 937 2168 939 2173; x_wconf 76' lang='grc'><strong>’</strong></span> 
     </span>
     <span class='ocr_line' id='line_1_21' title="bbox 109 2263 947 2344; baseline 0.005 -18"><span class='ocrx_word' id='word_1_147' title='bbox 109 2276 142 2326; x_wconf 77' lang='lat'><strong>2⁰</strong></span> <span class='ocrx_word' id='word_1_148' title='bbox 196 2266 253 2324; x_wconf 88' lang='lat' dir='ltr'><strong>Sed</strong></span> <span class='ocrx_word' id='word_1_149' title='bbox 272 2263 416 2342; x_wconf 73' lang='lat' dir='ltr'><strong>qnoniam&#39;</strong></span> <span class='ocrx_word' id='word_1_150' title='bbox 428 2263 556 2342; x_wconf 83' lang='lat' dir='ltr'><strong>oppressi</strong></span> <span class='ocrx_word' id='word_1_151' title='bbox 573 2266 632 2342; x_wconf 84' lang='lat' dir='ltr'><strong>jam</strong></span> <span class='ocrx_word' id='word_1_152' title='bbox 650 2286 748 2325; x_wconf 84' lang='lat' dir='ltr'><strong>sumus</strong></span> <span class='ocrx_word' id='word_1_153' title='bbox 760 2266 947 2344; x_wconf 85' lang='lat' dir='ltr'><strong>opinionibus</strong></span> 
     </span>
     <span class='ocr_line' id='line_1_22' title="bbox 155 2362 946 2441; baseline 0.008 -20"><span class='ocrx_word' id='word_1_154' title='bbox 155 2380 213 2421; x_wconf 91' lang='lat' dir='ltr'><strong>non</strong></span> <span class='ocrx_word' id='word_1_155' title='bbox 233 2364 321 2421; x_wconf 90' lang='lat' dir='ltr'><strong>modo</strong></span> <span class='ocrx_word' id='word_1_156' title='bbox 340 2363 428 2441; x_wconf 83' lang='lat' dir='ltr'><strong>vulgi,</strong></span> <span class='ocrx_word' id='word_1_157' title='bbox 448 2382 546 2421; x_wconf 78' lang='lat' dir='ltr'><strong>rernm</strong></span> <span class='ocrx_word' id='word_1_158' title='bbox 567 2362 656 2421; x_wconf 82' lang='lat' dir='ltr'><strong>etium</strong></span> <span class='ocrx_word' id='word_1_159' title='bbox 674 2363 822 2422; x_wconf 89' lang='lat' dir='ltr'><strong>hominurn</strong></span> <span class='ocrx_word' id='word_1_160' title='bbox 842 2365 946 2427; x_wconf 87' lang='lat' dir='ltr'><strong>leviter</strong></span> 
     </span>
     <span class='ocr_line' id='line_1_23' title="bbox 155 2459 945 2538; baseline 0.006 -21"><span class='ocrx_word' id='word_1_161' title='bbox 155 2460 343 2532; x_wconf 85' lang='lat' dir='ltr'><strong>eruditorum,</strong></span> <span class='ocrx_word' id='word_1_162' title='bbox 364 2460 423 2535; x_wconf 90' lang='lat' dir='ltr'><strong>qni,</strong></span> <span class='ocrx_word' id='word_1_163' title='bbox 444 2478 507 2535; x_wconf 76' lang='lat' dir='ltr'><strong>que</strong></span> <span class='ocrx_word' id='word_1_164' title='bbox 532 2459 685 2535; x_wconf 79' lang='lat' dir='ltr'><strong>complesti</strong></span> <span class='ocrx_word' id='word_1_165' title='bbox 705 2469 766 2519; x_wconf 82' lang='lat' dir='ltr'><strong>tots</strong></span> <span class='ocrx_word' id='word_1_166' title='bbox 785 2474 945 2538; x_wconf 87' lang='lat' dir='ltr'><strong>nequeunt,</strong></span> 
     </span>
     <span class='ocr_line' id='line_1_24' title="bbox 155 2543 946 2633; baseline 0.005 -18"><span class='ocrx_word' id='word_1_167' title='bbox 155 2556 218 2615; x_wconf 82' lang='lat' dir='ltr'><strong>haeo</strong></span> <span class='ocrx_word' id='word_1_168' title='bbox 238 2555 350 2616; x_wconf 78' lang='lat' dir='ltr'><strong>facilius</strong></span> <span class='ocrx_word' id='word_1_169' title='bbox 370 2557 480 2615; x_wconf 83' lang='lat' dir='ltr'><strong>divulso</strong></span> <span class='ocrx_word' id='word_1_170' title='bbox 499 2566 529 2613; x_wconf 88' lang='lat' dir='ltr'><strong>et</strong></span> <span class='ocrx_word' id='word_1_171' title='bbox 548 2556 630 2632; x_wconf 82' lang='lat' dir='ltr'><strong>quusi</strong></span> <span class='ocrx_word' id='word_1_172' title='bbox 650 2543 793 2633; x_wconf 79' lang='lat' dir='ltr'><strong>discerpta</strong></span> <span class='ocrx_word' id='word_1_173' title='bbox 811 2570 946 2629; x_wconf 86' lang='lat' dir='ltr'><strong>oontreo·</strong></span> 
     </span>
     <span class='ocr_line' id='line_1_25' title="bbox 155 2653 945 2730; baseline 0.006 -18"><span class='ocrx_word' id='word_1_174' title='bbox 155 2664 217 2712; x_wconf 86' lang='lat' dir='ltr'><strong>tant</strong></span> <span class='ocrx_word' id='word_1_175' title='bbox 224 2674 232 2725; x_wconf 85' lang='lat'>3</span> <span class='ocrx_word' id='word_1_176' title='bbox 259 2653 367 2730; x_wconf 87' lang='lat' dir='ltr'><strong>etqui,</strong></span> <span class='ocrx_word' id='word_1_177' title='bbox 388 2663 522 2730; x_wconf 81' lang='lat' dir='ltr'><strong>tanqnorn</strong></span> <span class='ocrx_word' id='word_1_178' title='bbox 544 2654 580 2711; x_wconf 80' lang='lat' dir='ltr'><strong>ab</strong></span> <span class='ocrx_word' id='word_1_179' title='bbox 604 2653 700 2711; x_wconf 80' lang='lat' dir='ltr'><strong>animo</strong></span> <span class='ocrx_word' id='word_1_180' title='bbox 726 2672 839 2730; x_wconf 87' lang='lat' dir='ltr'><strong>oorpus,</strong></span> <span class='ocrx_word' id='word_1_181' title='bbox 860 2656 904 2714; x_wconf 89' lang='lat' dir='ltr'><strong>sio</strong></span> <span class='ocrx_word' id='word_1_182' title='bbox 927 2676 945 2717; x_wconf 84' lang='grc' dir='ltr'>ι</span> 
     </span>
     <span class='ocr_line' id='line_1_26' title="bbox 107 2745 944 2833; baseline 0.005 -23"><span class='ocrx_word' id='word_1_183' title='bbox 107 2760 140 2810; x_wconf 75' lang='lat'><strong>25</strong></span> <span class='ocrx_word' id='word_1_184' title='bbox 154 2751 304 2809; x_wconf 88' lang='lat' dir='ltr'><strong>sententiis</strong></span> <span class='ocrx_word' id='word_1_185' title='bbox 324 2752 410 2818; x_wconf 74' lang='lat' dir='ltr'><strong>serbo</strong></span> <span class='ocrx_word' id='word_1_186' title='bbox 428 2745 592 2833; x_wconf 86' lang='lat' dir='ltr'><strong>sejungunt,</strong></span> <span class='ocrx_word' id='word_1_187' title='bbox 607 2769 728 2828; x_wconf 86' lang='lat' dir='ltr'><strong>quornm</strong></span> <span class='ocrx_word' id='word_1_188' title='bbox 747 2752 809 2810; x_wconf 90' lang='lat' dir='ltr'><strong>sine</strong></span> <span class='ocrx_word' id='word_1_189' title='bbox 823 2752 944 2832; x_wconf 85' lang='lat' dir='ltr'><strong>interitu</strong></span> 
     </span>
    </p>
   </div>
   <div class='ocr_carea' id='block_1_3' title="bbox 153 2847 1042 2926">
    <p class='ocr_par' dir='ltr' id='par_1_3' title="bbox 153 2847 1042 2926">
     <span class='ocr_line' id='line_1_27' title="bbox 153 2847 1042 2926; baseline 0.006 -20"><span class='ocrx_word' id='word_1_190' title='bbox 153 2847 216 2907; x_wconf 85' lang='lat' dir='ltr'><strong>fieri</strong></span> <span class='ocrx_word' id='word_1_191' title='bbox 242 2858 375 2906; x_wconf 86' lang='lat' dir='ltr'><strong>neutrum</strong></span> <span class='ocrx_word' id='word_1_192' title='bbox 401 2858 511 2925; x_wconf 87' lang='lat' dir='ltr'><strong>potest;</strong></span> <span class='ocrx_word' id='word_1_193' title='bbox 538 2866 597 2906; x_wconf 91' lang='lat' dir='ltr'><strong>non</strong></span> <span class='ocrx_word' id='word_1_194' title='bbox 629 2847 783 2926; x_wconf 82' lang='lat' dir='ltr'><strong>susoipiorn</strong></span> <span class='ocrx_word' id='word_1_195' title='bbox 809 2850 944 2910; x_wconf 79' lang='lat' dir='ltr'><strong>oratione</strong></span> <span class='ocrx_word' id='word_1_196' title='bbox 1041 2890 1042 2897; x_wconf 32' lang='grc' dir='ltr'>ι</span> 
     </span>
    </p>
   </div>
   <div class='ocr_carea' id='block_1_4' title="bbox 152 2943 944 3116">
    <p class='ocr_par' dir='ltr' id='par_1_4' title="bbox 152 2943 944 3116">
     <span class='ocr_line' id='line_1_28' title="bbox 152 2943 944 3024; baseline 0.001 -20"><span class='ocrx_word' id='word_1_197' title='bbox 152 2944 219 3004; x_wconf 81' lang='lat' dir='ltr'><strong>med</strong></span> <span class='ocrx_word' id='word_1_198' title='bbox 238 2943 312 3022; x_wconf 90' lang='lat' dir='ltr'><strong>plus,</strong></span> <span class='ocrx_word' id='word_1_199' title='bbox 330 2963 414 3020; x_wconf 88' lang='lat' dir='ltr'><strong>qnsm</strong></span> <span class='ocrx_word' id='word_1_200' title='bbox 435 2944 507 3004; x_wconf 87' lang='lat' dir='ltr'><strong>rnihi</strong></span> <span class='ocrx_word' id='word_1_201' title='bbox 527 2944 699 3020; x_wconf 88' lang='lat' dir='ltr'><strong>imponitur:</strong></span> <span class='ocrx_word' id='word_1_202' title='bbox 720 2954 831 3004; x_wconf 80' lang='lat' dir='ltr'><strong>tuntum</strong></span> <span class='ocrx_word' id='word_1_203' title='bbox 850 2946 944 3024; x_wconf 83' lang='lat' dir='ltr'><strong>signi·</strong></span> 
     </span>
     <span class='ocr_line' id='line_1_29' title="bbox 153 3039 941 3116; baseline 0.004 -15"><span class='ocrx_word' id='word_1_204' title='bbox 153 3042 247 3102; x_wconf 81' lang='lat' dir='ltr'><strong>fioobo</strong></span> <span class='ocrx_word' id='word_1_205' title='bbox 266 3039 355 3111; x_wconf 77' lang='lat' dir='ltr'><strong>breui,</strong></span> <span class='ocrx_word' id='word_1_206' title='bbox 374 3058 469 3116; x_wconf 85' lang='lat' dir='ltr'><strong>neque</strong></span> <span class='ocrx_word' id='word_1_207' title='bbox 488 3041 640 3099; x_wconf 85' lang='lat' dir='ltr'><strong>verborum</strong></span> <span class='ocrx_word' id='word_1_208' title='bbox 661 3050 791 3101; x_wconf 77' lang='lat' dir='ltr'><strong>ornatum</strong></span> <span class='ocrx_word' id='word_1_209' title='bbox 815 3041 941 3105; x_wconf 83' lang='lat' dir='ltr'><strong>inveniri</strong></span> 
     </span>
    </p>
   </div>
   <div class='ocr_carea' id='block_1_5' title="bbox 0 0 1060 3417">
    <p class='ocr_par' dir='ltr' id='par_1_5' title="bbox 0 0 1060 3417">
     <span class='ocr_line' id='line_1_30' title="bbox 0 0 1060 3417; baseline 0 3"><span class='ocrx_word' id='word_1_210' title='bbox 0 0 1060 3417; x_wconf 95' lang='lat' dir='ltr'><strong> </strong></span> 
     </span>
    </p>
   </div>
  </div>
 </body>
</html>
