2109 3417
142 317 200 379 1oe
426 296 430 302 ’
459 327 504 376 nn
525 327 687 375 cosroen.
877 327 980 387 [nm

187 476 288 535 eadem
299 477 386 536 verba
405 475 528 553 impetus
544 485 573 534 et
591 474 754 548 concursio,
768 485 799 534 ot
813 475 979 552 adjunctio,

187 581 218 631 et
236 574 408 650 progressio,
428 583 457 630 et
476 574 605 649 ejusdem
625 573 703 630 verbi
730 572 861 630 crebrius
888 573 980 648 positi

188 668 317 744 quedam
330 669 489 741 distinctio,
503 679 533 726 et
545 668 686 726 revocatio
697 668 784 740 verbi,
795 679 824 726 et
838 668 901 739 illa,
914 688 979 743 quse

188 763 317 822 similiter
330 765 474 835 desinunt,
490 774 538 822 unt
558 782 620 838 que
641 763 748 821 cadunt
767 763 913 835 similiter,
930 774 979 822 aut

156 868 251 936 bqure
264 861 381 936 peribus
393 860 473 936 paria
489 860 661 929 reseruntur,
676 869 723 917 aut
741 871 887 934 quaesunt
902 860 977 918 inter

187 975 219 1013 se
231 956 344 1015 similia.
385 956 438 1014 Est
457 956 544 1014 etiarn
564 955 693 1033 gradatio
707 954 849 1029 quedam,
864 966 895 1012 et
909 975 977 1014 con·

187 1051 290 1123 versio,
317 1062 348 1109 et
372 1053 524 1111 verborum
550 1052 692 1110 concinno
718 1051 923 1127 transgressio,
949 1065 976 1110 et

188 1147 375 1221 contrarium,
394 1159 425 1206 et
446 1149 626 1219 dissolutum,
646 1157 676 1205 et
695 1146 863 1219 declinatio,
883 1159 916 1206 et
936 1167 976 1206 re

185 1243 346 1320 prehensio,
360 1255 390 1302 et
408 1244 587 1316 exclamatio,
607 1254 636 1302 ct
656 1243 827 1314 imminutio,
848 1253 879 1302 et
898 1244 974 1320 quod

142 1346 174 1397 10
187 1339 218 1397 in
236 1339 333 1399 multis
353 1342 467 1400 ossibus
486 1341 610 1417 ponitur,
631 1350 661 1398 et
686 1341 769 1416 quod,
790 1339 827 1396 de
851 1340 973 1417 singulis

185 1436 272 1495 rebus
290 1439 443 1514 propositis
462 1439 591 1510 ductum,
610 1437 729 1496 refertur
750 1436 785 1494 ad
805 1435 934 1514 singula,
947 1446 973 1495 et

187 1533 223 1591 cd
242 1535 417 1610 propositum
437 1534 568 1610 subjecte
583 1534 668 1606 ratio,
688 1543 717 1590 et
737 1532 805 1589 item
827 1532 859 1589 in
880 1533 973 1591 distri·

187 1629 264 1687 butis
276 1630 422 1706 supposita
434 1630 515 1701 ratio,
531 1639 560 1686 et
573 1629 732 1704 permissio,
746 1638 775 1686 et
788 1646 906 1686 rursum
921 1629 973 1688 alia

186 1725 337 1797 dubitatio,
345 1735 376 1783 et
384 1725 566 1800 improvisum
575 1724 971 1799 quiddamstdinumsmoo,

141 1817 173 1870 15
186 1830 217 1878 et
231 1819 287 1878 alia
299 1821 451 1891 correctio,
464 1830 495 1884 et
507 1820 664 1895 dissipatio,
678 1830 707 1877 et
724 1819 799 1895 quod
820 1820 972 1878 continua-

185 1925 257 1986 tum,
277 1926 307 1973 et
333 1916 531 1992 interruptum,
552 1926 581 1973 et
603 1915 708 1992 imago,
729 1925 759 1972 et
777 1914 833 1974 sibi
855 1915 912 1991 ipsi
932 1935 971 1974 re·

186 2011 311 2088 sponsio,
324 2022 354 2069 et
373 2012 544 2084 immutatio,
565 2022 594 2069 et
613 2011 778 2087 disjunctio,
797 2020 827 2068 et
845 2011 931 2081 ordo,
944 2023 970 2070 et

185 2106 297 2179 relatio,
324 2108 532 2185 etsdegressio,
559 2118 588 2166 et
617 2106 855 2183 circumscriptio.
898 2107 969 2166 Hm

186 2202 264 2260 enim
283 2213 351 2261 sunt
370 2203 439 2276 lere,
455 2215 539 2280 atque
558 2205 659 2262 borum
680 2203 793 2274 similia,
810 2201 869 2278 (vel
890 2203 968 2278 plum
1025 2261 1026 2280 ,

139 2304 173 2356 2⁰
186 2298 274 2356 etiam
297 2318 361 2358 esse
382 2301 514 2378 possum)
538 2318 600 2374 qum
627 2298 775 2356 sententiis
800 2299 966 2370 orationem,
1025 2283 1026 2286 Ἴ

186 2395 392 2472 verborumque
405 2394 689 2466 conformationibus,
705 2393 875 2452 illuminentn

225 2587 286 2646 LV.
305 2586 382 2650 Qum
407 2587 523 2662 quidem
549 2598 588 2659 te,
615 2587 728 2660 Crasse,
755 2587 848 2658 video,
878 2587 964 2662 inquit

185 2682 282 2755 Cotta,
302 2684 379 2758 quod
402 2693 472 2742 nota
489 2701 553 2742 esse
572 2683 656 2742 nobis
675 2694 767 2760 putes,
785 2682 849 2742 sine
870 2683 964 2742 defini·

185 2779 311 2837 tionibus
330 2789 360 2836 et
378 2779 441 2836 sine
459 2780 597 2855 exemplis
622 2780 763 2840 effudisse.
805 2778 869 2856 ugo
890 2797 962 2849 ruo,
1021 2783 1022 2790 ’

139 2884 174 2935 25
186 2874 277 2951 iuquit
296 2875 427 2946 Crassus,
440 2893 478 2932 nc
497 2875 547 2934 ille
566 2875 691 2951 quidem,
709 2895 772 2950 que
789 2893 878 2951 supra
896 2875 961 2944 dixi,
1020 2885 1021 2898 ¹

186 2989 261 3030 nova
274 2969 355 3028 vobis
367 2986 430 3027 esse
444 2971 611 3043 arbitraba,
625 2972 675 3032 sed
690 2970 826 3032 volunteti
841 2971 961 3032 renuo
1019 2983 1020 3006 ¹

185 3066 313 3131 omnium
333 3065 424 3140 perui.
466 3066 963 3130 mmmmrmmsolmsilc
1018 3075 1019 3117 l

1012 3343 1016 3381 l
