2109 3417
125 311 207 372 nn]
408 315 452 363 nn
472 315 635 363 ons-rona.
915 304 956 363 63

125 476 163 516 cx
187 476 224 516 eo
249 478 356 537 genere
381 463 546 541 gignuntur.
600 462 678 521 Nam
705 473 734 522 et
761 472 910 535 attentum,

126 558 367 625 monent-Greci
391 571 422 617 ut
440 560 583 635 principio
609 560 748 618 sociamus
772 560 910 636 judicem,

126 662 156 708 ct
175 651 315 724 docilem;
342 675 405 730 quae
425 666 491 713 sunt
511 656 602 728 utilia,
623 656 673 714 sed
693 676 751 715 non
777 655 911 731 principii

126 748 218 824 magis
236 750 361 825 propria,
372 770 459 827 quem
476 752 649 826 reliquarum
663 752 801 828 partium3
822 751 912 809 sacili·

125 861 178 901 ore
203 846 289 903 etiam
316 846 347 903 in
367 847 530 924 principiis,
558 848 634 923 quod
663 857 691 905 ct
719 848 819 905 attenti
850 857 942 905 tum5

125 940 248 998 maxime
267 953 344 1014 sunt,
359 962 426 1001 cum
446 944 544 1002 omnia
562 954 737 1019 exspectant,
755 954 784 1001 ct
803 944 912 1002 dociles

125 1036 217 1112 magis
249 1037 340 1095 initiis
372 1058 435 1098 esse
466 1049 594 1115 possunt.
648 1039 807 1098 Illustriora
833 1039 911 1097 enim

124 1144 200 1203 sunt,
228 1152 291 1208 quae
317 1134 358 1191 in'
373 1135 532 1210 principiis,
556 1154 641 1211 quem
668 1154 731 1211 quac
755 1135 785 1193 in
809 1135 911 1199 mediis
980 1132 983 1137 ’

125 1228 230 1300 causis,
250 1229 396 1302 dicuutur,
417 1242 467 1289 aut
492 1232 649 1307 arguendo,
671 1242 719 1289 aut
745 1230 901 1289 refellendo

164 1324 294 1383 Maxima
307 1337 401 1383 autem
412 1327 498 1402 copia
506 1326 724 1403 principiorum,
736 1327 771 1384 ad
782 1326 911 1403 judicem
926 1337 958 1388 10

126 1430 175 1479 aut
208 1422 394 1483 alliciendum
424 1432 473 1479 ant
499 1422 689 1492 incitandum,
716 1442 751 1481 ex
778 1421 814 1480 iis
838 1422 911 1481 locis

125 1518 255 1589 trabitur,
276 1518 326 1593 qui
347 1518 383 1575 ad
403 1528 498 1575 motus
525 1518 686 1575 animorum
714 1517 911 1576 conficiendos

126 1613 241 1671 inerunt
254 1614 284 1671 in
301 1613 405 1684 ceusb3
426 1608 499 1689 qnos
517 1624 614 1671 tamen
634 1623 710 1670 totos
724 1612 754 1670 in
768 1613 911 1689 principio

124 1710 262 1785 explicari
276 1728 333 1768 non
346 1710 497 1786 oportebit,
507 1710 558 1767 sed
572 1719 684 1767 tantum
698 1709 806 1785 impelli
819 1709 911 1785 primo

124 1807 251 1884 judicem
261 1808 369 1881 ieviter,
381 1816 414 1865 ut
423 1807 633 1884 jum'inolinato
643 1807 754 1881 reliqua
763 1806 911 1865 incumbat
926 1816 958 1866 15

126 1902 226 1962 oratic.

165 2096 291 2155 LXXX.
322 2094 492 2154 Connexum
514 2106 608 2153 autem
630 2095 670 2154 ita
689 2094 726 2153 sit
738 2094 911 2173 principium

126 2194 314 2268 consequenti
334 2192 466 2265 orationi,
481 2203 512 2249 ut
527 2211 596 2263 non,
610 2202 746 2267 tanquam
761 2192 912 2250 citharoedi

125 2289 294 2363 procamium
315 2289 440 2347 affictum
462 2288 588 2362 aliquod,
605 2286 655 2343 sed
676 2289 825 2345 cobaerens
845 2306 912 2345 cum

126 2384 206 2440 omni
226 2403 346 2460 corpore
366 2385 535 2454 membrum,
557 2402 619 2439 esse
643 2383 780 2441 videatur.
833 2382 911 2441 Nam
927 2398 959 2447 m

126 2479 268 2550 nonnulii,
288 2499 354 2538 cum
377 2480 447 2538 illud
473 2478 604 2536 meditati
630 2478 792 2551 ediderunt,
812 2479 855 2537 sic
876 2480 911 2537 ad

126 2575 237 2650 relique
254 2585 413 2647 transeunt,
430 2585 462 2633 ut
483 2574 656 2633 audientiam
678 2574 733 2631 sibi
753 2575 815 2633 ficri
834 2576 912 2633 nolle

126 2671 285 2729 videantur.
326 2672 422 2746 Atque
446 2671 586 2747 ejusmodi
607 2671 656 2729 illa
674 2671 800 2745 prolusio
826 2672 912 2729 debet

125 2785 199 2838 csse,
213 2784 273 2824 non
294 2777 325 2824 nt
345 2767 518 2838 Samnitum,
531 2766 580 2841 qui
600 2766 713 2824 vibrant
732 2766 828 2824 hastas
846 2777 912 2825 unte

124 2883 261 2944 pugnam,
274 2863 379 2939 quibus
392 2863 422 2921 in
437 2863 594 2940 pugnando
614 2862 685 2919 nihil
705 2872 840 2934 utuntur;
861 2863 911 2921 sed
926 2875 959 2925 25

124 2971 158 3019 ut
177 2960 246 3035 ipsis
265 2960 426 3033 sententiis,
445 2959 551 3036 quibus
565 2958 761 3035 proluserunt,
778 2960 823 3017 vel
842 2977 913 3036 pug-

124 3074 195 3117 nore
207 3057 326 3135 possint.
