2109 3417
96 231 139 293 w
419 240 462 297 on
486 240 650 289 canrosa
860 227 936 299 tan

145 407 289 466 superero.
330 390 387 463 Ac,
401 390 426 449 si
447 410 510 463 nos,
533 389 562 447 id
589 388 666 466 quod
690 387 814 447 maxime
834 387 938 459 debet,

99 551 102 559 .
146 499 245 545 nostra
265 488 357 564 patria
377 488 517 557 delectat;
540 488 623 563 cujus
646 486 689 544 rci
710 496 791 544 tanta
812 496 857 543 est
879 484 935 554 vis,

149 595 275 643 actuata
289 598 400 655 natura,
414 596 446 642 ut
466 584 595 641 Ithacam
616 584 704 654 illam,
719 584 748 641 in
770 582 938 658 asperrimis

148 682 263 753 saxulis,
284 692 419 756 tanquam
446 681 588 751 nidulum,
609 681 743 752 affixams
759 678 939 755 sapientissi-

114 788 212 842 5mus
230 778 272 835 vir
293 778 498 846 immortalitati
526 788 728 853 anteponeret3
756 796 814 851 quo
838 793 938 834 amore

148 874 263 934 tandem
291 874 457 933 inflammati
484 892 548 931 essa
574 874 713 931 debemus
739 875 769 932 in
792 873 936 949 ejusmodi

147 971 278 1048 patriam,
293 990 355 1045 qnae
376 990 435 1029 una
454 971 484 1031 iu
504 971 638 1029 omnibus
664 970 747 1028 terris
770 970 870 1029 domus
890 980 938 1027 est

148 1068 270 1139 virtutis,
304 1067 425 1143 imperii,
453 1068 627 1144 dignitatis?
687 1068 778 1144 Cujus
809 1067 936 1143 primum
1040 1131 1041 1134 Ἴ

149 1164 232 1221 nobis
259 1183 350 1235 mans,
371 1183 443 1237 mos,
465 1164 626 1240 disciplina,
647 1175 717 1223 nota
742 1182 805 1221 esse
831 1164 935 1234 debet;

103 1272 134 1325 1⁰
149 1261 192 1319 vel
207 1261 274 1336 quia
287 1271 330 1317 est
347 1261 449 1336 patria,
463 1279 567 1336 parans
587 1261 715 1317 omnium
736 1260 874 1330 nostrbm,
890 1259 935 1317 vel

150 1357 217 1433 quia
236 1356 316 1421 tautb
337 1356 477 1433 sapientiai
498 1356 585 1413 luisse
599 1356 628 1413 in
645 1356 710 1431 jura
732 1356 936 1415 constituendo

148 1452 277 1529 putanda
303 1461 356 1523 est,
380 1452 487 1526 quautb
514 1452 568 1509 suit
595 1451 624 1508 in
649 1451 693 1508 bis
720 1452 807 1509 tantis
832 1451 939 1527 opibus

151 1548 263 1625 imperii
277 1548 484 1623 comparandis.
524 1547 695 1624 Percipietis
708 1548 794 1609 etiarn
809 1548 886 1605 illam
900 1567 938 1606 ex

151 1644 318 1723 cognitione
344 1644 417 1721 juris
437 1644 566 1701 laetitiam
590 1654 620 1702 et
642 1645 826 1719 voluptatem,
849 1645 938 1719 quod,

106 1758 137 1809 15
152 1753 289 1818 quantum
317 1741 499 1816 prastiterint
525 1740 615 1798 nostri
637 1740 760 1816 majores
784 1741 937 1816 prudentia

153 1841 257 1899 ceteris
284 1839 427 1915 gentibus,
454 1848 515 1897 tum
546 1836 681 1895 sacillimc
710 1837 885 1914 intelligetis,
912 1838 939 1896 si
1040 1903 1041 1926 p

154 1954 220 1995 cum
247 1924 365 2005 illorum
392 1934 527 2011 Lycurgo
556 1943 585 1990 et
611 1932 748 1992 Dracone
773 1945 803 1991 et
830 1934 939 1992 Solone

153 2043 264 2091 nostras
289 2032 368 2108 leges
395 2031 524 2089 conferre
551 2030 706 2088 volueritis.
763 2028 939 2089 Incredibile

153 2138 197 2185 cst
217 2128 304 2198 enim,
319 2146 403 2202 quarn
424 2126 461 2185 sit
482 2145 567 2184 omne
585 2126 632 2203 jus
653 2126 747 2198 civile,
760 2122 861 2203 prater
882 2127 940 2185 hoc

106 2240 138 2291 ιο
153 2234 293 2295 nostrum,
311 2215 506 2293 inconditum,
535 2242 569 2281 ac
595 2240 677 2299 panc
704 2224 875 2282 ridiculum:
902 2225 939 2282 de

155 2339 212 2397 quo
245 2321 335 2379 multa
370 2319 449 2377 soleo
483 2320 512 2379 in
549 2321 729 2377 sermonibus
765 2321 940 2395 quotidianis

155 2417 262 2489 dicare,
290 2434 356 2475 cum
384 2415 532 2481 bominum
565 2427 725 2473 nostrorum
758 2416 941 2491 prudentiam
1040 2401 1041 2418 ³

155 2512 259 2570 ceteris
283 2512 427 2582 omnibus,
447 2522 476 2569 et
496 2512 619 2569 maxime
644 2511 765 2583 Graecis,
788 2523 935 2589 antepono.

155 2608 211 2667 His
235 2609 350 2685 ego-de
375 2608 469 2674 causis
496 2608 634 2679 dixeram,
658 2608 795 2680 Sassula,
820 2609 865 2681 iis,
890 2610 936 2685 qui
1040 2598 1042 2606 ¹

107 2718 139 2769 25
154 2706 275 2783 perfecti
295 2716 423 2765 oratores
438 2718 512 2768 assa
526 2706 641 2777 vellent,
659 2704 732 2781 juris
758 2704 852 2765 civilis
873 2725 939 2785 cog·

155 2803 294 2865 uitionem
307 2820 371 2863 assa
384 2802 585 2863 necessarium.

194 2996 289 3059 XLV.
309 2994 328 3056 J
330 3016 375 3060 arn
389 3015 457 3064 vcro
471 2998 533 3075 ipsa
544 3015 596 3073 per
608 3014 673 3059 sese
685 3006 824 3072 quantum
839 2996 942 3055 afferat
