2109 3417
134 332 215 393 nn]
261 281 266 292 ¹
417 325 460 379 nn
481 326 644 381 omroaa.
925 324 962 385 81

134 482 287 539 verborum
322 467 498 557 turpitudine
535 491 563 538 et
599 498 694 538 rerum
731 480 919 539 obscoenitate

135 577 259 635 vitanda.

174 770 238 829 LX.
269 771 349 848 Ergo
372 771 434 829 haec
459 772 519 829 duo
538 790 645 848 genera
671 780 737 828 sunt
764 770 825 847 ejus
853 770 920 828 ridi·

134 868 203 939 culi,
224 868 300 943 quod
315 869 344 925 in
359 886 390 925 re
409 867 534 944 positum
554 878 613 925 est:
635 886 698 942 quaa
719 877 786 925 sunt
805 867 919 943 propria

132 973 332 1039 perpetuarum
353 962 531 1033 facetiarum,
547 964 576 1019 in
595 963 698 1037 quibus
719 961 949 1020 describuntur5

134 1058 283 1115 hominurn
306 1076 410 1131 mores,
430 1071 460 1116 et
486 1060 527 1117 ita
553 1060 736 1135 effinguntur,
757 1070 789 1117 ut
810 1069 867 1130 aut,
888 1076 919 1117 re

132 1155 247 1211 narrata
275 1154 378 1229 aliqud,
405 1154 504 1228 quales
531 1154 598 1226 sint,
619 1154 831 1231 intelligantur;
860 1163 918 1224 aut,

134 1250 293 1307 imitatione
321 1250 400 1307 brevi
427 1251 543 1327 injecti,
569 1251 599 1307 in
627 1251 723 1325 aliquo
749 1250 856 1328 insigni
883 1250 919 1308 ad

132 1346 309 1404 irridendum
332 1346 402 1404 ritio
424 1347 611 1421 reperiantur.
663 1346 698 1404 In
722 1346 801 1404 dicto
824 1356 918 1405 autern

132 1443 284 1500 ridiculum
305 1453 349 1499 est
369 1443 408 1514 id,
422 1444 497 1518 quod
514 1442 594 1499 verbi
615 1453 662 1499 aut
683 1443 831 1499 sententiae
852 1450 964 1518 quo-10

133 1539 198 1597 dam
214 1539 346 1596 acumine
364 1549 501 1597 movetur.
544 1539 612 1609 Sed,
627 1549 658 1594 ut
675 1538 704 1594 in
723 1538 773 1594 illo
793 1538 918 1613 superio-

132 1635 339 1711 regenerare}
360 1634 532 1692 narrationis
546 1633 589 1690 vel
611 1632 788 1704 imitationis,
803 1634 918 1692 vitanda

131 1741 176 1788 est
202 1732 353 1789 mimorum
380 1730 578 1807 ethologorum
606 1728 778 1798 similitud03
807 1729 859 1800 sic,
888 1730 918 1787 in

131 1825 198 1899 hoc,
219 1826 347 1886 scurrilis
366 1827 473 1885 oratori
492 1826 632 1883 dicacitas
652 1842 825 1901 magnopere
846 1825 918 1903 fugi·

130 1923 206 1981 enda
225 1934 276 1982 est.
316 1923 379 1986 out
401 1923 488 2001 igitur
507 1923 717 1999 distinguemus
736 1940 752 1979 a
770 1921 886 1993 Crasso,
901 1940 918 1981 a
934 1933 964 1983 15

131 2020 246 2092 Catulo,
261 2040 278 2078 a
291 2019 405 2092 ceteris,
426 2019 595 2077 familiarem
615 2028 750 2089 vestrum,
765 2018 916 2090 Granium,

130 2127 180 2174 ant
198 2117 365 2194 Vargulam,
387 2117 510 2174 amicum
538 2116 653 2172 meuml
707 2113 787 2185 Non,
808 2115 918 2195 meherg

129 2214 205 2284 cule,
220 2213 249 2270 in
265 2222 390 2271 mentem
410 2212 481 2269 mihi
501 2211 617 2287 quidem
638 2210 732 2268 venit:
753 2220 820 2267 sunt
839 2211 916 2269 enim

129 2310 262 2381 dicaces3
289 2309 399 2366 Granio
419 2308 535 2385 quidem
555 2326 640 2365 nemo
660 2307 796 2365 dicacior.
838 2308 915 2381 Hoc,

130 2406 241 2481 opinor,
274 2406 406 2481 primum,
440 2424 487 2475 ne,
520 2404 757 2479 quotiescumque
790 2404 914 2479 potuerit
932 2418 963 2467 20

130 2500 239 2557 dictum
253 2500 322 2570 dici,
336 2518 456 2558 necesse
470 2502 626 2558 habeamus
645 2500 750 2557 dicere.
791 2500 915 2557 Pusillus

129 2595 212 2653 testis
237 2597 385 2671 processit.
434 2594 576 2667 “Licet''
604 2595 705 2671 inquit,
740 2598 913 2672 “rogaret’'

129 2691 287 2767 Philippus.
340 2692 419 2750 Tum
446 2692 578 2767 quasitot
604 2710 770 2768 properans,
798 2690 916 2751 “Modo

129 2788 280 2847 breviter.'’
322 2788 381 2847 uto
402 2789 459 2860 ille,
475 2788 573 2847 “Non
593 2789 758 2847 accusabis:
779 2787 916 2864 perpusil·
973 2842 974 2847 ,

129 2886 190 2944 lum
217 2884 351 2963 rogabo.''
403 2886 550 2944 Ridicule.
602 2887 660 2944 Sed
688 2886 805 2951 sedebat
828 2884 916 2961 judex
931 2895 962 2945 25

130 2981 164 3040 L.
192 2981 323 3054 Aurifex,
350 2983 461 3042 brevior
492 2983 588 3054 etiam,
617 3000 702 3057 quam
729 2982 810 3039 testis
837 2981 913 3055 ipse:

130 3078 225 3138 omnis
244 3089 288 3139 est
314 3080 388 3139 risus
413 3081 443 3139 in
467 3081 596 3158 jndicem
624 3096 795 3139 conversus:
822 3076 914 3135 visum
