2109 3417
111 319 205 383 nm]
395 322 440 370 on
462 321 626 372 onsuons.
892 313 949 372 177

112 470 149 529 eb
169 471 231 548 ipsi
251 472 438 532 contentione
456 473 611 532 revocabit.
652 471 705 532 Est
719 471 787 532 item
801 485 902 531 contre

111 569 255 641 quoddam
282 569 319 648 1¹¹.
341 570 510 628 remissione
542 571 750 647 gravissimum,
778 589 900 645 quoque,

111 674 248 738 tanquam
269 685 402 724 sonorum
426 666 580 742 gradibus„
594 667 787 732 descenditur.
828 666 902 727 Haec

111 762 243 832 varietas,
258 772 289 819 et
307 762 356 822 hic
369 782 419 838 per
433 782 535 822 omnes
549 782 635 822 sonos
649 764 728 824 vocis
748 782 858 834 cursus,
873 773 902 820 et

111 875 143 912 se
164 856 298 927 tuebitur,
319 868 348 915 et
368 844 477 915 notioni
505 843 605 922 offeret
624 859 801 917 suavitatem.
843 857 933 918 Sedu

109 950 297 1011 fistulatorem
309 952 386 1010 domi
400 952 584 1027 relinquetis;
605 971 721 1012 sensum
736 954 820 1030 hujus
834 971 902 1010 con·

110 1048 271 1105 suetudinis
285 1049 434 1106 vobiscum
449 1049 484 1107 ed
498 1049 592 1108 forum
606 1049 750 1108 deseretis.

150 1143 247 1215 Edidi,
269 1163 332 1218 quae
357 1145 449 1220 potui,
472 1164 531 1202 non
559 1155 591 1203 ut
611 1147 704 1219 volui,
718 1146 769 1204 sed
796 1155 827 1204 ut
853 1164 900 1203 me

109 1240 247 1315 temporis
268 1241 405 1316 angustiae
426 1245 593 1316 coegerunt.
636 1243 747 1298 Scitum
766 1250 809 1299 est
823 1242 900 1301 eninr

110 1354 228 1392 causam
243 1335 374 1392 conferre
389 1336 419 1392 in
432 1346 557 1412 tempus,
572 1356 638 1394 cum
656 1338 756 1395 offerre
770 1338 861 1414 pluro,
876 1338 900 1396 si
917 1350 948 1399 lu

110 1431 221 1506 cupias,
235 1449 295 1488 non
310 1450 406 1506 queas.
447 1462 450 1466 ⁴

151 1526 200 1584 Tu
210 1546 286 1598 vero,
296 1527 389 1602 inquit
399 1528 683 1604 Catulus,collegisti
694 1530 790 1589 omnia
801 1529 901 1605 (quan-

110 1633 172 1680 tum
186 1642 242 1698 ego
254 1641 370 1698 possum
388 1625 533 1704 judicare)
550 1625 590 1683 ita
603 1625 750 1697 divinitus,
766 1636 869 1684 utnon
884 1647 901 1685 u

110 1719 222 1780 Graecis
235 1719 381 1791 didicisse,
392 1722 443 1778 sed
456 1741 507 1785 eos
521 1722 597 1797 ipsos
612 1722 674 1779 haec
688 1722 792 1781 docere
805 1741 899 1798 posse,

111 1816 235 1873 videare.
276 1814 328 1874 Me
347 1817 463 1891 quidem
481 1817 564 1875 istius
578 1811 719 1876 sermonis
731 1819 898 1894 participem
917 1823 948 1873 15

110 1912 220 1970 fectum
239 1931 303 1971 esse
322 1913 451 1990 gaudeo:
474 1934 508 1972 ac
521 1915 633 1987 vellem,
648 1926 679 1973 ut
700 1933 781 1972 meus
801 1935 899 1992 gener,

110 2009 217 2067 sodalis
231 2019 306 2082 tuus,
322 2009 506 2082 Hortensius,
522 2012 664 2083 affuisset3
685 2031 769 2088 quern
784 2012 899 2087 quidem

110 2125 166 2183 ego
180 2107 295 2166 confido
315 2107 450 2164 omnibus
470 2099 532 2165 istis
552 2107 694 2180 leudibus,
707 2127 778 2185 quas
792 2118 823 2165 tu
838 2127 902 2167 oram
977 2091 980 2099 Ι

110 2203 190 2260 tione
211 2203 377 2279 complexus
397 2223 437 2275 es,
451 2203 640 2262 excellentem
655 2205 722 2284 fore.
763 2204 802 2262 Et
815 2205 899 2264 Cres·

111 2317 174 2369 sus,
190 2305 209 2332 ⁴¹
219 2299 318 2373 Fq1e”
341 2300 434 2358 dicisl
461 2299 570 2375 inquit:
597 2319 654 2379 ego
673 2319 740 2359 vero
759 2319 822 2358 esse
839 2302 898 2379 jam
914 2310 946 2360 2⁰

109 2393 220 2470 judico,
247 2405 276 2451 et
303 2406 364 2453 tum
388 2396 525 2472 judicavi,
547 2415 624 2468 curn,
645 2415 691 2454 me
719 2398 847 2470 consule,
868 2398 899 2456 in

112 2500 213 2546 senatu
233 2509 349 2549 causam
371 2476 499 2550 defendit
513 2492 631 2564 Africae,
645 2512 792 2569 nuperque
812 2495 898 2553 etiem

113 2585 214 2662 magis,
223 2606 289 2645 cum
300 2606 352 2662 pro
363 2588 505 2664 Bithyniae
513 2608 582 2666 rege
591 2589 669 2647 dixit.
700 2588 899 2651 Quamobrem

112 2692 191 2740 recte
209 2682 297 2754 rides,
312 2683 432 2742 Catule:
454 2685 525 2742 nihil
547 2671 623 2742 enim
645 2685 692 2742 isti
713 2686 896 2758 adolescenti,

113 2796 206 2854 neque
221 2797 237 2836 u
250 2779 353 2836 naturis
373 2799 466 2854 neque
488 2800 505 2837 a
524 2781 667 2852 doctrind,
682 2783 780 2840 deesse
796 2783 896 2840 sentio.
913 2792 946 2841 25

112 2860 182 2937 Quo
203 2875 294 2952 magis
314 2886 357 2933 est
377 2876 439 2947 tibi,
454 2877 550 2949 Cotta,
568 2888 597 2935 et
617 2878 679 2950 tibi,
695 2879 815 2954 Sulpici,
830 2878 899 2954 rigi·

112 2971 229 3028 lendum
244 2991 278 3030 uo
291 2972 495 3042 laborandum:
516 2993 575 3032 non
589 2975 666 3033 enim
685 2975 731 3035 ille
745 2974 898 3033 mediocris

114 3076 206 3128 orator
219 3079 319 3128 vestre
332 3069 413 3146 quusi
427 3070 585 3130 succrescit
599 3071 675 3130 misti
687 3091 700 3129 ε-
714 3070 765 3129 sed
779 3080 809 3128 et
819 3069 897 3150 inge·
