2109 3417
101 221 141 281 et
168 231 171 238 ·
346 209 351 218 ’
425 238 468 285 ue
490 236 654 285 carrona.
862 237 901 297 [a.
910 238 935 285 1.

147 379 202 437 nisi
217 382 257 441 ita
270 384 434 459 prudenter,
449 393 480 443 tat
494 385 638 443 nerninem
654 383 782 444 nostrdm
794 385 934 460 poeniteat

148 478 183 535 ad
198 478 274 536 hunc
289 490 317 536 te
331 498 490 539 sermonem
506 482 660 556 impulisse.
683 538 689 545 ,

187 575 251 651 Ego
265 592 341 647 vero,
357 577 457 652 inquit,
471 596 605 653 pergam:
626 587 655 633 et
675 577 704 633 id
724 576 839 648 faciam,
853 578 932 653 quod

148 670 177 727 in
203 672 346 748 principio
380 674 440 731 lieri
468 674 498 731 in
524 674 658 731 omnibus
691 674 931 748 disputationibus

115 770 277 843 boporterc
298 786 412 840 censeo,
433 782 474 841 ut,
495 770 564 843 quid
584 770 654 826 illud
674 770 720 839 sit,
742 769 854 843 dequo
875 770 931 827 dis·

145 874 269 940 putetur,
284 865 465 940 explanetur;
487 884 524 923 ne
538 866 634 941 vagari
647 876 677 923 et
696 884 791 923 errare
811 877 931 941 cogatur

146 961 246 1030 oratio,
261 962 284 1017 si
306 962 335 1033 ii,
350 962 398 1036 qui
419 961 492 1018 inter
512 980 544 1018 se
563 962 759 1032 dissenserint,
773 980 831 1018 nou
852 961 930 1018 idem

146 1076 208 1114 esse
229 1057 308 1129 illud,
330 1058 443 1134 quode
464 1058 567 1134 agitur,
589 1058 756 1133 intelligant.
797 1057 883 1129 Nam,
904 1057 931 1115 si

146 1153 219 1213 forte
251 1165 433 1230 quareretur,
460 1174 523 1229 quae
556 1165 631 1212 esset
665 1174 715 1211 ars·
740 1154 929 1229 imperatoris,

65 1304 68 1309 .
101 1260 131 1308 10
147 1250 391 1329 constituendum
410 1261 539 1326 putarem
572 1251 725 1326 principio,
758 1251 821 1325 quis
853 1260 931 1309 esset

146 1346 313 1421 imperator:
342 1346 477 1420 quicum
498 1362 574 1403 esset
597 1347 769 1403 constitutus
796 1346 932 1403 adminis-

146 1452 233 1499 trator
253 1442 369 1517 quidam
391 1442 455 1500 belli
477 1444 606 1519 gerendi,
626 1455 687 1500 tum
711 1443 931 1519 adjungeremus

146 1538 183 1595 de
203 1538 340 1609 exercitu,
355 1539 390 1595 de
412 1537 522 1609 castris,
538 1539 574 1599 de
595 1538 765 1614 agminibus,
780 1538 816 1594 de
836 1537 930 1613 signo-

147 1653 209 1693 rum
230 1636 441 1707 collationibus,
463 1636 498 1693 de
518 1635 686 1711 oppidorum
711 1634 930 1710 oppugnationi·

101 1742 131 1789 15
147 1732 208 1802 bus,
230 1732 266 1789 de
287 1742 458 1803 commeatu,
479 1732 515 1789 de
542 1730 654 1796 insidiis
681 1731 819 1787 faciendis
845 1741 930 1805 atque

146 1828 278 1898 vitandis,
299 1828 335 1885 de
356 1828 473 1903 reliquis
493 1828 588 1898 rebus,
609 1846 671 1901 quae
691 1836 786 1883 essent
808 1827 930 1902 propriae

147 1924 214 1981 belli
229 1924 461 1993 administrandi,
481 1942 601 1998 quarum
619 1923 667 1998 qui
681 1932 777 1980 esseut
791 1922 886 1979 animo
900 1933 931 1979 et

147 2018 268 2075 scientid
283 2032 438 2093 compotes,
450 2037 498 2076 eos
512 2038 575 2077 esse
589 2018 772 2093 imperatores
786 2018 912 2075 dicerem
920 2039 928 2090 ;

147 2124 298 2187 utererque
312 2114 449 2189 exemplis
462 2113 665 2171 Africanorum
679 2124 708 2170 et
721 2112 928 2185 Maximorum

100 2216 131 2265 20
147 2208 375 2283 Epaminondam
409 2220 492 2283 atque
527 2209 730 2281 Hannibalem,
758 2220 842 2285 atque
868 2210 930 2284 ejus

147 2304 259 2381 generis
280 2306 419 2377 homiues,
441 2306 626 2365 nominarem.
667 2306 719 2363 Sin
741 2316 834 2363 autem
856 2326 932 2380 qure-

148 2419 284 2473 reremuS,
311 2401 374 2477 quis
407 2412 481 2460 esset
507 2402 542 2474 is,
568 2403 626 2477 qui,
656 2402 690 2459 ad
724 2402 931 2477 rempublicam

148 2498 359 2569 moderandam,
387 2518 469 2555 usum
500 2509 529 2557 et
562 2499 710 2565 scientiam
743 2509 773 2555 et
805 2498 930 2557 studium

148 2612 230 2651 suum
257 2594 435 2664 contulisset,
463 2582 611 2653 delinirem
645 2594 702 2652 hoc
734 2594 836 2653 modo:
870 2594 930 2671 qui,

101 2706 133 2757 25
148 2689 252 2765 quibus
271 2691 356 2748 rebus
377 2690 485 2749 utilitas
504 2690 668 2767 reipublice
687 2701 833 2766 pararetur
846 2708 931 2767 auge·

148 2796 292 2862 retorque,
306 2796 425 2859 teneret,
447 2786 538 2861 iisque
559 2796 699 2858 uteretur;
721 2786 800 2845 buno
819 2786 939 2861 reipub·-

149 2883 212 2943 liore
232 2892 380 2955 rectorem,
395 2893 424 2941 et
436 2882 551 2941 consilii
572 2881 680 2958 publici
698 2892 854 2952 auctorem,
867 2900 931 2943 osce

150 2979 329 3048 babendum
355 2979 596 3057 praedicaremque
619 2976 650 3035 P.
673 2976 836 3048 Lentulum,
855 2975 933 3053 pria»
