2109 3417
150 320 231 383 nn]
434 324 478 371 on
499 324 662 372 onerose.
937 304 983 376 'tt

150 488 317 547 oppressum
350 492 416 533 oum
449 476 509 533 suis
528 475 694 535 ‘interiisse
751 474 837 537 Quos
870 492 938 533 oum

149 568 268 627 humere
292 570 397 629 vellent
419 572 473 644 sui,
496 591 590 647 neque
611 582 729 648 possent
752 572 873 629 obtritos
896 572 938 629 in·

148 673 314 722 ternosoere
334 667 393 724 ullo
413 668 509 739 modo,
526 668 695 725 Simonides
715 668 831 738 dieitur,
847 685 883 725 ex
903 684 938 725 eo

148 760 227 834 quod
239 761 427 835 meminisset,
441 778 498 839 quo
513 782 612 821 eorum
627 764 693 821 ioco
713 762 832 840 quisque
849 758 938 821 cubn-

148 855 226 929 isset,
241 857 450 917 demonstrator
471 860 697 936 uniuscujusque
718 859 875 936 sepeliendi
895 860 967 919 fu·5

147 950 213 1011 isse.
268 953 335 1012 Heo
355 965 417 1013 tum
437 973 468 1013 re
489 954 652 1013 admonitus
673 953 816 1013 invenisse
837 954 936 1028 fertur,

146 1048 279 1107 ordinem
311 1069 375 1107 esse
407 1051 540 1123 maxime,
575 1050 624 1127 qui
646 1052 803 1110 'memorie
839 1052 937 1109 lumen

147 1146 269 1205 afferret.
310 1146 411 1223 Itaque
439 1147 483 1220 iis,
511 1148 562 1223 qui
589 1148 664 1205 hano
690 1159 799 1224 partem
827 1146 936 1225 ingenii

146 1237 327 1314 exerderent,
354 1243 433 1303 looos
462 1263 524 1303 esse
552 1244 718 1320 capiendos,
746 1254 775 1302 et
801 1263 846 1316 es,
872 1264 936 1320 que

147 1338 287 1396 memorii
307 1350 405 1397 tenere
425 1340 540 1413 vellent,
555 1340 717 1417 effingenda
731 1340 836 1413 animo,
852 1350 935 1417 etque
951 1350 982 1399 1⁰

147 1432 178 1491 in
202 1426 247 1491 his‘
270 1434 344 1492 loeis
370 1435 557 1505 oolloosndn.;
588 1435 631 1493 sio
658 1434 720 1492 sore
746 1445 778 1492 ut
804 1436 936 1494 ordinem

146 1535 243 1587 rerum
268 1530 398 1589 locorum
416 1530 496 1588 ordo
527 1540 726 1601 conservaret3
761 1548 807 1588 res
841 1540 936 1590 sutem

147 1625 224 1703 ipses
243 1644 339 1684 rerum
359 1626 469 1705 effigies
491 1634 613 1699 notaret,
635 1636 719 1702 etque
739 1636 772 1684 ut
791 1626 864 1683 locis
883 1645 936 1703 pro

146 1722 224 1797 cerri,
238 1722 400 1782 simulacris
413 1740 465 1798 pro
478 1722 579 1796 literis,
594 1732 745 1781 uteremur.

186 1914 371 1974 LXXXVII.
401 1915 464 1979 Qui
485 1915 522 1974 sit
543 1928 636 1975 autem
658 1916 765 1976 oratori
789 1916 935 1975 memorie
950 1928 981 1977 15

123 2012 267 2084 'fructus
294 2024 401 2088 quanta
425 2012 544 2086 utilitas,
571 2025 678 2089 quante
706 2014 758 2086 vis,
786 2013 855 2089 quid
888 2032 935 2071 me

147 2108 250 2166 attinet
263 2108 379 2166 diceret
400 2118 499 2167 tenere
519 2129 582 2184 quse
597 2109 733 2168 didiceris
747 2111 777 2167 in
793 2109 936 2186 eooipien·

146 2204 184 2262 de
204 2206 303 2276 cnusd,
317 2223 381 2280 que
401 2205 462 2281 ipse
482 2205 640 2283 cogiteris?
661 2224 761 2264 omnes
780 2206 851 2263 fixas
871 2224 935 2263 esse

146 2298 177 2356 in
198 2300 293 2357 animo
312 2302 489 2359 sententies?
510 2318 626 2359 omnem
646 2300 821 2377 descriptum
836 2302 935 2359 verbo-

146 2412 210 2451 rum
244 2399 429 2472 apparatum?
462 2396 503 2455 ita
537 2396 638 2455 audire
669 2397 712 2455 rel
747 2412 823 2470 eum,
857 2398 934 2455 unde
948 2410 980 2461 20

146 2489 251 2561 diseas,
271 2492 314 2549 vel
341 2510 417 2564 eum,
439 2492 488 2550 oni
515 2492 746 2569 respondendum
773 2494 819 2565 sit,
840 2504 873 2551 ut
892 2494 935 2552 ilii

144 2603 205 2643 non
226 2586 375 2645 infundere
393 2587 426 2645 in
447 2605 531 2645 aures
552 2598 616 2646 tuas
641 2588 811 2661 orationem,
832 2589 883 2647 sed
904 2590 934 2647 in

146 2680 243 2739 animo
263 2681 412 2740 videantur
440 2682 618 2742 inscriberet
671 2683 774 2759 Itaque
800 2685 863 2757 soli,
884 2685 934 2760 qui

144 2778 283 2837 memorii
310 2777 417 2855 rigent,
442 2778 549 2851 sciunt,
575 2780 655 2855 quid,
676 2790 705 2839 et
731 2781 883 2856 queamus,
904 2791 934 2839 et

143 2875 298 2950 quomodo,
318 2874 424 2932 dicturi
450 2875 517 2948 sint,
539 2876 608 2951 quid
634 2877 844 2955 responderint,
865 2878 933 2953 quid
946 2890 978 2940 ts

143 2971 283 3050 supersit:
318 2972 462 3049 iidemque
490 2974 582 3033 multa
608 2992 644 3033 ex
671 2975 734 3033 aliis
759 2974 857 3034 oensis
883 2974 933 3032 eii·
