2109 3417
91 268 131 329 st
192 280 194 289 ¹
415 276 457 322 us
482 272 646 322 onrsoau.
856 270 927 333 mr.

140 444 198 483 non
219 425 312 497 decet,
328 426 405 483 hunc
427 425 473 502 (ut
487 421 660 499 Apollonius
677 422 809 501 jubebat)
832 419 928 494 adid,

141 522 218 598 quod
233 522 328 580 facere
341 522 441 598 possit,
456 521 666 579 detrudendum
678 530 758 596 puto.

181 716 298 775 XXIX.
320 715 400 772 Num
419 726 449 773 tu
472 714 569 792 igitur,
589 714 681 789 inquit
702 714 857 791 Sulpicius,
870 733 928 787 me,

144 823 191 873 aut
212 814 289 872 hunc
310 812 435 880 Cottam,
454 812 501 888 jus
518 811 612 882 civile,
628 821 677 868 aut
696 830 756 868 rem
776 812 929 870 militarem

109 911 224 988 ojubes
244 910 377 967 discerel
399 928 466 967 nam
486 910 550 984 quis
571 909 607 967 od
627 908 682 966 ista
700 927 822 981 summa,
844 920 929 985 utque

143 1007 172 1065 in
205 1006 283 1063 omui
319 1022 426 1082 genere
461 1004 599 1080 perfecta,
632 1013 724 1080 potest
759 1005 929 1080 pervenirel

139 1102 222 1161 ''l'um
256 1101 313 1174 ille,
341 1102 406 1178 Ego
439 1119 517 1172 vero,
545 1100 647 1176 iuquit,
674 1100 750 1176 quod
784 1100 814 1157 in
849 1101 929 1159 vobis

143 1200 288 1276 egregiam
316 1198 458 1276 quandam
487 1216 521 1255 ac
547 1197 714 1273 praeclaram
742 1197 865 1255 indolem
893 1197 929 1256 ad

143 1294 298 1351 dicendum
325 1312 388 1351 esse
415 1293 548 1370 cognovi,
576 1292 686 1350 idcirco
716 1293 779 1350 haec
810 1292 929 1369 exposui

98 1398 128 1447 10
143 1391 256 1460 omnia3
278 1400 334 1448 nec
354 1386 445 1466 magis
466 1389 501 1446 ad
521 1408 572 1446 eos
592 1389 786 1460 deterrendos,
801 1390 849 1464 qui
869 1406 929 1447 non

143 1496 270 1564 possent,
285 1502 369 1562 quam
392 1486 427 1544 ad
448 1504 508 1556 vos,
524 1485 573 1560 qui
593 1486 725 1560 possetis,
746 1486 930 1543 exacuendos

144 1583 358 1641 accommodavi
386 1582 545 1639 orationem
573 1600 684 1639 meam:
714 1592 742 1639 et
769 1600 929 1658 quanquam

144 1680 174 1739 in
202 1691 324 1754 utroque
352 1679 476 1736 vestrim
510 1695 653 1736 summurn
687 1698 749 1736 csse
782 1678 930 1756 ingenium

145 1777 327 1852 studiumque
350 1775 492 1852 perspexi,
512 1785 610 1833 tumen
631 1775 703 1846 hacc,
724 1784 787 1850 quae
814 1785 880 1833 sunt
900 1774 930 1834 in

99 1884 131 1933 15
146 1873 243 1951 specie
256 1873 359 1950 posite,
371 1870 522 1947 dequibus
537 1871 619 1947 plura
632 1871 751 1929 sortasse
765 1871 834 1943 dixi,
845 1890 930 1946 quam

147 1970 241 2027 solent
261 1967 356 2025 Graeci
377 1967 485 2039 dicere,
501 1967 529 2023 in
551 1977 590 2038 te,
604 1966 726 2042 Sulpici,
740 1966 837 2025 divina
856 1977 930 2025 suut.

147 2064 212 2142 Ego
232 2066 308 2121 euim
329 2065 483 2134 neminem,
504 2082 560 2121 nec
580 2073 659 2120 motu
679 2063 818 2139 corporis,
839 2082 932 2139 neque

147 2161 209 2237 ipso
237 2160 336 2217 habitu
364 2170 449 2233 atque
479 2159 571 2217 sormi
605 2159 753 2235 aptiorem,
781 2178 836 2217 uec
862 2177 932 2218 voce

146 2256 315 2333 pleniorem,
338 2264 386 2313 aut
406 2254 566 2312 suaviorem
587 2255 657 2312 mihi
681 2255 778 2313 videor
802 2255 932 2327 audisse3

99 2368 132 2417 so
148 2372 212 2427 quse
232 2352 337 2427 quibus
358 2370 375 2407 a
394 2351 497 2409 nature
517 2350 628 2408 minora
647 2351 721 2408 data·
740 2364 816 2423 suut,
837 2362 932 2411 tamen

148 2449 219 2507 illud
254 2447 366 2523 assequi
400 2458 531 2523 possunt,
565 2458 597 2505 ut
631 2447 675 2517 iis,
703 2466 766 2522 quae
800 2448 932 2521 hebeaut,

148 2545 263 2603 modice
283 2553 312 2601 et
332 2544 457 2601 scienter
478 2553 604 2615 utantur,
627 2553 657 2602 et
677 2553 708 2601 ut
728 2562 765 2600 ne
786 2543 931 2603 dedeceat.

147 2640 182 2699 Id
203 2641 282 2699 enim
302 2650 345 2699 ert
365 2639 488 2697 maxime
509 2639 666 2712 vitandum,
686 2640 771 2698 etde
800 2639 855 2699 hoc
875 2660 933 2699 uuo

148 2738 268 2796 minime
292 2747 336 2795 est
360 2736 444 2795 facile
465 2736 632 2812 precipere,
656 2754 715 2793 non
740 2736 811 2795 mihi
836 2737 932 2809 modo,

101 2846 133 2899 25
149 2834 199 2910 qui
238 2834 314 2892 sicut
347 2852 421 2891 unus
454 2832 669 2909 paterfamilias,
703 2832 748 2890 his
780 2834 817 2891 de
848 2833 933 2890 rebus

150 2933 261 3010 loquor,
281 2928 441 2990 sedetiam
461 2928 515 3008 ipsi
536 2928 578 2988 illi
598 2928 727 3003 Rosci03
755 2946 839 3004 quem
858 2946 933 3005 sepe
