2109 3417
426 266 470 311 ne
492 266 657 312 carrona.
868 268 907 329 ru
917 268 936 315 r.

152 415 309 473 enuntiabo
335 416 408 492 apud
436 417 568 474 homines
595 416 841 490 familiarissimos,
862 417 936 494 quod

153 512 247 570 adhuc
267 530 378 589 semper
399 514 485 584 tacui,
500 524 529 570 et
542 513 697 571 tacendum
716 514 820 589 putavi.
862 513 936 571 Mihi

152 608 247 679 etiam,
262 609 365 685 quique
385 610 491 685 optime
512 610 622 681 dicunt,
637 610 742 685 quique
757 610 785 667 id
802 610 937 668 facillime

152 716 237 779 atque
263 706 444 763 ornatissime
472 706 566 763 lacere
592 717 721 782 possunt,
748 716 854 777 tumen,
881 706 951 764 nisi'

120 804 137 853 5
151 801 250 858 timide
273 801 307 859 ad
328 801 482 859 dicendum
505 804 658 874 accedunt,
673 816 702 859 et
716 804 745 860 in
761 803 938 861 exordiendi

151 898 279 955 oratione
301 898 510 974 perturbantur,
530 914 613 974 pene
639 899 820 975 impudentes
840 899 938 957 videu-

151 1003 213 1051 tur:
243 994 356 1052 tametsi
380 996 411 1053 id
433 996 566 1052 accidere
579 1016 636 1054 non
655 1006 758 1072 potest.
799 995 838 1053 Ut
858 995 936 1053 enim

151 1090 271 1165 quisque
293 1092 398 1167 optime
419 1092 499 1163 dicit,
521 1092 562 1149 ita
581 1092 704 1149 maxime
727 1092 843 1149 dicendi
864 1092 937 1149 diffi-

152 1186 297 1259 cultatem,
315 1188 463 1263 variosque
484 1199 603 1246 eventus
622 1188 770 1259 orationis,
790 1199 938 1264 exspecta·

106 1288 136 1337 10
151 1283 313 1359 tionemque
347 1284 494 1341 bominum
526 1285 711 1360 pertimescit.
770 1285 834 1347 Qui
866 1304 937 1343 vero

151 1379 221 1437 nihil
243 1390 336 1456 potest
352 1381 470 1458 dignum
485 1400 526 1451 re,
541 1380 659 1457 dignum
675 1381 791 1438 nominc
804 1380 934 1453 oratoris,

151 1475 268 1552 dignum
284 1476 428 1535 bominum
444 1477 560 1534 mnibus
573 1478 688 1533 efficere
703 1487 787 1553 atque
800 1477 895 1549 edere,
911 1477 935 1535 is

150 1573 231 1645 mihi,
256 1574 367 1631 etiarnsi
398 1585 591 1632 commovetur
620 1574 649 1631 in
677 1574 811 1645 dicendo,
838 1584 935 1631 tamen

151 1670 301 1747 impudens
316 1670 433 1729 videtur.
475 1670 544 1727 Non
561 1671 637 1728 enirn
652 1671 796 1747 pudendo,
811 1671 935 1729 sednon

106 1770 136 1819 15
151 1766 283 1825 faciendo
298 1768 335 1839 id,
351 1767 426 1843 quod
447 1787 503 1823 non
524 1768 617 1837 decet,
632 1767 815 1843 impudentiae
829 1786 935 1824 nomeu

151 1864 277 1940 effugere
298 1852 442 1921 debemus,
483 1864 582 1924 Quem
604 1883 670 1920 vero
696 1882 755 1919 non
781 1864 869 1937 pudet
890 1863 935 1939 (id

150 1960 226 2034 quod
249 1960 277 2016 in
297 1959 439 2035 plerisque
460 1959 557 2037 video)
578 1959 657 2031 bunc
684 1978 738 2035 ego
760 1978 819 2016 non
839 1978 934 2035 repre·

151 2055 289 2111 honsione
311 2054 411 2126 solum,
427 2055 475 2111 sed
497 2055 583 2111 ctiam
604 2056 689 2130 prend
711 2054 829 2131 dignum
853 2067 933 2131 puto.

151 2150 293 2225 Equidem
314 2160 342 2207 ct
363 2151 391 2208 in
412 2150 491 2207 vobis
512 2152 737 2208 animadvertere
757 2152 844 2222 soleo,
859 2164 888 2210 et
904 2153 934 2210 in

104 2252 135 2302 20
151 2265 196 2303 me
219 2246 280 2321 ipso
302 2246 457 2321 saepissime
481 2247 622 2321 experior,
645 2258 676 2304 ut
701 2248 882 2306 exalbescam
904 2249 934 2307 in

150 2342 299 2418 principiis
319 2342 445 2413 dicendi,
460 2353 489 2399 et
503 2344 564 2401 totrl
584 2353 679 2399 mente
701 2354 784 2419 atque
801 2345 936 2403 omnibus

152 2440 268 2497 artubus
282 2438 510 2496 contremiscam.
553 2440 796 2497 Adulescentulus
808 2460 878 2497 vero
891 2441 936 2499 sic

151 2536 233 2593 initio
255 2534 444 2593 accusationis
465 2536 642 2593 exanimatus
656 2555 729 2607 sum,
744 2546 775 2593 ut
790 2538 936 2596 boccum·

150 2650 227 2689 mum
256 2632 428 2689 beneficium
454 2631 494 2693 Q.
523 2631 651 2689 Maximo
677 2632 835 2705 debuerim,
857 2634 934 2709 quod

103 2740 135 2789 25
151 2728 289 2785 continuo
310 2727 462 2785 consilium
483 2727 631 2798 dimiserit,
647 2728 730 2785 simul
746 2747 781 2785 ao
797 2748 844 2787 me
862 2730 935 2787 ltac-

149 2834 209 2882 tum
226 2844 259 2881 uc
274 2824 453 2882 debilitatum
467 2834 545 2881 metu
560 2824 669 2881 viderit.

190 2920 248 2978 Hic
268 2940 367 2978 omnes
388 2920 504 2990 assensi,
525 2920 688 2996 significare
714 2920 796 2978 interv
811 2939 883 2991 sese,
904 2932 936 2979 et

147 3017 276 3094 colloqui
297 3028 461 3095 coeperunt:
482 3017 543 3075 'suit
562 3016 639 3074 enim
659 3016 798 3075 mirificus
817 3015 937 3092 quidam
