2109 3417
119 269 177 329 174
435 279 481 336 ne
501 280 665 329 onnrouu.
865 281 904 342 [n.
914 281 949 328 11.

163 427 241 498 baut,
262 427 427 488 habitemus
446 429 476 485 in
496 427 552 486 lrsn
572 429 630 485 und
653 427 764 486 ratione
785 429 947 501 tructandd,

161 542 220 580 non
241 524 341 580 eddem
361 524 523 598 prudentii,
544 520 601 599 qud
622 524 679 596 ille,
694 523 744 581 sed
765 543 817 582 usu
838 523 868 582 in
889 525 948 582 hou

140 637 220 676 ‘uno
240 637 355 695 genere,
373 619 525 694 studioque
546 620 660 695 majore,
700 620 857 680 Carneadis
878 639 948 680 vero

160 714 203 771 vis
216 714 393 772 incredibilis
412 714 463 771 illa
480 713 606 785 dicendi,
622 725 650 771 et
662 715 794 786 varietas,
807 733 946 790 perquam

128 818 235 868 nosset
248 812 372 886 optanda
386 811 486 880 nohis3
507 810 556 885 qui
576 810 682 867 nullam
704 829 827 886 unquam
842 811 872 868 iu
887 812 945 870 illis

160 907 220 965 suis
245 907 485 983 disputationibus
517 925 578 963 rern
608 906 745 977 defendit,
772 926 857 982 quem
883 927 944 966 non
1051 983 1052 986 Ἴ

158 1004 302 1078 probdrit3
323 1003 430 1060 nullam
450 1002 633 1079 oppugnavit,
654 1022 738 1076 quam
757 1021 816 1061 non
836 1015 945 1062 everte·

62 1144 64 1149 .
158 1099 204 1157 rit.
245 1099 303 1156 Sed
323 1099 380 1156 hoc
400 1099 491 1174 majus
509 1108 554 1156 est
573 1097 718 1172 quiddam,
733 1117 817 1173 quam
840 1101 875 1158 ab
895 1099 942 1171 iis,

157 1195 205 1271 qui
220 1194 284 1252 hee
296 1195 412 1252 tradunt
424 1205 454 1252 et
466 1195 581 1265 docent,
595 1193 793 1270 postulandum
808 1195 852 1254 sit.

112 1393 142 1442 1⁰
179 1386 342 1444 ¹XXXIX.
374 1387 439 1463 Ego
462 1397 567 1459 autem,
592 1385 616 1444 si
641 1405 725 1461 quern
752 1405 830 1444 nune
855 1386 941 1463 plane

157 1483 256 1540 rudem
283 1482 393 1540 institui
421 1482 456 1540 sd
482 1482 637 1541 diuendum
659 1482 752 1554 velim,
774 1482 818 1540 his
843 1483 940 1558 potius

156 1579 265 1638 tradem
293 1579 423 1650 assiduis,
450 1597 507 1636 uno
533 1597 620 1654 opere
651 1578 770 1636 eandem
803 1579 938 1638 incudem

44 1743 50 1752 ι
128 1671 131 1677 ’
157 1676 233 1733 diem
253 1687 425 1751 noctemque
443 1675 638 1746 tundentibus,
654 1675 701 1750 qui
715 1693 814 1732 omnes
832 1675 939 1733 tenuis·

155 1773 242 1831 simas
254 1774 417 1849 particulas,
433 1782 518 1846 atque
531 1771 629 1829 omnis
646 1770 764 1828 minima
784 1789 891 1842 manse,
907 1782 939 1830 ut

110 1874 141 1923 15
155 1870 283 1927 nutrices
302 1869 458 1926 infantibus
476 1866 583 1942 pueris,
604 1866 633 1924 in
654 1885 687 1923 os
707 1866 841 1924 inserunt
883 1868 936 1926 Sin

154 1964 191 2020 sit
205 1964 239 2034 is,
253 1963 301 2039 qui
316 1973 345 2019 et
364 1962 495 2019 doetrini
515 1960 586 2018 mihi
606 1961 761 2020 liberaliter
782 1962 936 2034 institutus,

155 2069 183 2117 et
198 2059 293 2133 aliquo
303 2058 361 2134 jam
376 2058 502 2114 imbutus
522 2075 586 2128 usu,
601 2067 629 2114 et
649 2057 718 2114 sutis
739 2057 798 2114 seri
819 2057 937 2134 iugenio

153 2172 217 2211 esse
230 2154 374 2222 videntum
396 2152 465 2210 illue
477 2171 543 2209 eum
554 2151 675 2227 rapiam,
690 2152 739 2209 ubi
753 2170 810 2210 non
825 2153 937 2214 seclusa

155 2250 249 2324 aliqua
275 2249 380 2324 squula
410 2259 551 2320 teneatur,
578 2248 629 2306 sed
663 2248 739 2306 unde
772 2248 935 2308 universum

107 2352 139 2402 2⁰
154 2346 258 2405 flumen
285 2355 431 2421 erumpet:
465 2346 514 2420 qui
548 2344 590 2402 illi
623 2344 714 2416 tedes,
742 2353 771 2402 et
800 2354 936 2419 tauquam

154 2442 300 2500 domicilia
317 2442 445 2498 omniurn
466 2451 698 2518 argumentorum
719 2451 934 2512 eommonstret,

152 2551 181 2598 et
194 2558 229 2597 es
242 2538 364 2596 breviter
378 2538 512 2609 illustret,
522 2537 671 2613 verbisque
689 2537 812 2596 definiat.
852 2536 935 2598 Quid

153 2635 230 2693 enim
244 2646 296 2705 est,
308 2635 338 2692 in
355 2653 413 2710 quo
430 2633 546 2715 hereat,
561 2633 609 2710 qui
623 2632 733 2704 viderit,
747 2650 842 2704 omne,
857 2632 934 2708 quod

152 2742 279 2790 sumatur
299 2731 328 2788 in
348 2730 479 2788 melione
505 2738 554 2786 eut
578 2729 613 2786 sd
632 2727 809 2805 probandum
829 2739 878 2788 sut
899 2729 935 2788 ud

105 2843 139 2894 25
152 2828 348 2898 refellendum,
363 2837 412 2885 sut
434 2844 470 2883 ex
492 2826 545 2882 suti
569 2825 642 2883 sumi
666 2824 693 2882 vi
717 2835 802 2900 atque
821 2823 933 2895 asturi,

154 2935 201 2985 eut
222 2923 326 2983 assumi
347 2922 434 2981 sorisl
474 2921 519 2980 Ex
537 2922 589 2979 sud
607 2921 644 2993 vi,
659 2940 726 2980 uum
746 2930 794 2979 aut
809 2937 855 2978 res
869 2938 933 2995 que

152 3023 190 3083 sit
202 3030 437 3096 tumuerunt,
452 3027 501 3077 eut
518 3037 586 3096 pm
604 3017 675 3096 ejus,
696 3027 744 3076 sut
763 3015 940 3079 routbulutu.
