2109 3417
125 310 182 372 lod
440 321 484 368 oe
506 321 671 370 omroaa
858 324 897 383 [u.
908 324 958 371 nr.

168 472 324 543 lenitatem,
344 480 374 528 et
394 489 588 542 numerorum,
609 488 692 546 quam
720 469 790 542 dixi,
812 471 956 531 rationem

168 569 353 638 tenuerimus,
366 578 427 625 tum
441 577 484 624 est
499 568 580 641 quasi
600 567 757 624 luminibus
776 568 957 646 distinguen-

168 666 205 723 da
224 675 254 722 et
274 665 478 739 frequentanda
502 663 597 722 omnis
620 663 722 734 oratio,
746 666 956 724 sententiarum

169 771 253 837 atque
265 762 424 818 verborum.

135 962 152 1010 5
206 956 285 1015 LIII.
306 957 383 1014 Nam
394 967 424 1014 et
434 956 620 1014 commoratio
628 957 686 1012 und
698 956 726 1013 in
737 975 769 1013 re
778 958 956 1032 permultum

166 1063 270 1122 movet,
291 1064 320 1109 et
345 1052 463 1110 illustris
489 1052 659 1127 explanatio,
687 1071 850 1127 rerumque,
873 1055 954 1130 quasi

166 1158 310 1224 gerantur,
331 1150 385 1205 sub
405 1149 571 1226 adspectum
597 1166 679 1224 paene
702 1149 861 1224 subjecti03
891 1171 954 1226 quae

164 1244 244 1301 etin
264 1245 434 1320 exponendd
454 1264 484 1302 re
504 1245 656 1320 plurimum
671 1245 755 1315 valet,
770 1255 798 1302 et
821 1246 857 1302 ad
878 1247 954 1304 illus-

165 1341 297 1397 trandum
312 1341 341 1398 id
355 1341 430 1416 quod
444 1341 604 1416 exponitur,
616 1350 645 1397 et
656 1341 690 1396 ad
703 1341 952 1416 amplificandum

119 1443 150 1493 10
166 1446 197 1493 ut
209 1436 255 1507 iis,
270 1437 318 1511 qui
339 1437 464 1508 audient,
479 1436 559 1507 illud,
573 1437 649 1512 quod
672 1437 848 1512 augebimus,
865 1456 954 1513 quan·

164 1542 225 1590 tum
238 1533 352 1590 efficere
366 1533 458 1590 oratio
474 1532 588 1608 poterit,
603 1541 712 1588 tautum
726 1549 789 1588 esse
802 1532 953 1590 videatur:

164 1637 195 1684 et
207 1627 275 1685 huic
289 1627 433 1685 contraria
452 1644 527 1701 sepe
546 1626 693 1701 percursio
713 1637 765 1698 est,
780 1635 808 1683 et
828 1627 898 1702 plus
918 1631 953 1686 ad
1031 1619 1032 1622 ¹

165 1704 491 1800 intelligendumquam
511 1721 627 1792 dixeris,
648 1722 830 1797 significatio,
845 1733 877 1780 et
898 1725 955 1782 dis·

164 1817 254 1874 tiocte
277 1817 396 1874 concisa
418 1815 550 1886 brevitas,
577 1825 605 1872 at
631 1816 805 1887 extenuatio,
826 1827 855 1874 et
884 1818 955 1877 huic

118 1928 150 1976 15
166 1913 300 1988 adjuncta
318 1912 422 1982 illusio,
437 1911 617 1986 aprreceptis
637 1911 759 1969 Cereris
774 1931 834 1969 non
849 1914 954 1973 abhor-

164 2023 246 2065 rens:
267 2017 296 2064 ct
308 2009 344 2065 ab
356 2027 387 2064 re
400 2009 485 2084 longa
495 2008 657 2084 degressi03
680 2008 709 2066 in
721 2009 777 2082 qud
788 2028 855 2067 cum
864 2010 952 2070 fuerit

164 2102 325 2174 delectatio,
339 2113 399 2160 tum
420 2102 529 2160 reditus
550 2103 666 2160 adrem
687 2114 768 2179 aptus
781 2113 810 2160 et
831 2108 953 2165 concin-

163 2215 218 2255 nus
237 2215 300 2256 esse
319 2199 452 2256 debebit:
472 2199 693 2274 propositioque,
708 2199 776 2273 quid
796 2199 837 2256 sis
857 2201 951 2260 dictu·
1028 2205 1029 2238 l

162 2311 221 2366 rus,
244 2304 274 2351 et
300 2295 403 2366 abeo,
426 2294 502 2370 quod
525 2304 569 2351 est
596 2295 715 2365 dictum,
739 2295 893 2370 sejunctio,
922 2309 951 2354 et

115 2401 147 2452 20
162 2390 270 2448 reditus
284 2390 320 2448 ad
332 2391 519 2467 propositum,
531 2399 560 2446 et
574 2390 696 2461 iteratio,
707 2402 735 2448 et
748 2391 868 2449 rationis
883 2405 951 2469 apta

162 2486 328 2546 conclusio:
349 2497 419 2559 tum,
431 2486 556 2563 augendi
571 2486 752 2544 minuendive
765 2488 865 2558 causa,
876 2491 949 2547 veri-

162 2583 229 2641 tatis
249 2584 401 2660 superlatio
415 2594 500 2657 atque
513 2582 661 2659 trajectio:
683 2592 712 2638 et
725 2583 845 2658 rogatio,
861 2594 948 2659 atque

162 2679 230 2738 huic
243 2680 363 2739 finitima
377 2680 457 2754 quasi
469 2677 659 2754 percontatio,
673 2677 870 2752 expositioque
883 2699 948 2737 seu·

160 2777 257 2834 tentiae
277 2795 351 2834 sue:
372 2775 583 2848 tumidaque
603 2773 725 2831 maxime
744 2773 825 2848 quasi
847 2775 947 2851 irrepit

113 2883 146 2932 ὕ
161 2869 190 2928 in
211 2869 358 2928 hominum
372 2880 492 2939 mentes,
507 2868 562 2926 alia
582 2868 713 2939 dicentis,
729 2886 762 2925 ac
780 2868 947 2944 significan-

159 2965 206 3037 tis,
220 2961 423 3030 dissimulati03
450 2960 527 3039 [que
547 2972 590 3019 est
609 2962 795 3037 perjucunda,
813 2981 893 3036 cum,
915 2967 945 3024 in

160 3061 298 3130 oratione,
318 3074 377 3114 non
396 3058 593 3131 contentione,
612 3059 664 3116 sed
688 3076 818 3118 sermone
837 3069 960 3140 tractas
