<?xml version="1.0" encoding="UTF-8"?>
<!DOCTYPE html PUBLIC "-//W3C//DTD XHTML 1.0 Transitional//EN"
    "http://www.w3.org/TR/xhtml1/DTD/xhtml1-transitional.dtd">
<html xmlns="http://www.w3.org/1999/xhtml" xml:lang="en" lang="en">
 <head>
  <title>
</title>
<meta http-equiv="Content-Type" content="text/html;charset=utf-8" />
  <meta name='ocr-system' content='tesseract 3.04.00' />
  <meta name='ocr-capabilities' content='ocr_page ocr_carea ocr_par ocr_line ocrx_word'/>
</head>
<body>
  <div class='ocr_page' id='page_1' title='image "./mtciceronisadqu00dillgoog_0113.png"; bbox 0 0 2109 3417; ppageno 0'>
   <div class='ocr_carea' id='block_1_1' title="bbox 113 260 947 334">
    <p class='ocr_par' dir='ltr' id='par_1_1' title="bbox 113 260 947 334">
     <span class='ocr_line' id='line_1_1' title="bbox 113 260 947 334; baseline 0 -14"><span class='ocrx_word' id='word_1_1' title='bbox 113 271 185 334; x_wconf 72' lang='lat' dir='ltr'>nt]</span> <span class='ocrx_word' id='word_1_2' title='bbox 395 273 439 322; x_wconf 83' lang='lat' dir='ltr'>nn</span> <span class='ocrx_word' id='word_1_3' title='bbox 460 273 625 323; x_wconf 76' lang='lat' dir='ltr'>carneas.</span> <span class='ocrx_word' id='word_1_4' title='bbox 880 260 947 320; x_wconf 74' lang='grc'><strong>’107</strong></span> 
     </span>
    </p>
   </div>
   <div class='ocr_carea' id='block_1_2' title="bbox 102 422 943 3092">
    <p class='ocr_par' dir='ltr' id='par_1_2' title="bbox 112 422 899 595">
     <span class='ocr_line' id='line_1_2' title="bbox 112 422 899 502; baseline 0.004 -23"><span class='ocrx_word' id='word_1_5' title='bbox 112 441 174 480; x_wconf 91' lang='lat' dir='ltr'>non</span> <span class='ocrx_word' id='word_1_6' title='bbox 194 432 271 494; x_wconf 83' lang='lat' dir='ltr'>sunt,</span> <span class='ocrx_word' id='word_1_7' title='bbox 292 422 335 500; x_wconf 88' lang='lat' dir='ltr'>(et</span> <span class='ocrx_word' id='word_1_8' title='bbox 353 423 488 498; x_wconf 80' lang='lat' dir='ltr'>pleraque</span> <span class='ocrx_word' id='word_1_9' title='bbox 508 433 604 480; x_wconf 87' lang='lat' dir='ltr'>tarneu</span> <span class='ocrx_word' id='word_1_10' title='bbox 625 440 729 499; x_wconf 80' lang='lat' dir='ltr'>mugna</span> <span class='ocrx_word' id='word_1_11' title='bbox 749 423 829 502; x_wconf 83' lang='lat' dir='ltr'>sunt)</span> <span class='ocrx_word' id='word_1_12' title='bbox 850 441 899 482; x_wconf 86' lang='lat' dir='ltr'>ne·</span> 
     </span>
     <span class='ocr_line' id='line_1_3' title="bbox 113 519 832 595; baseline 0.001 -19"><span class='ocrx_word' id='word_1_13' title='bbox 113 537 196 576; x_wconf 89' lang='lat' dir='ltr'>cesse</span> <span class='ocrx_word' id='word_1_14' title='bbox 210 529 263 590; x_wconf 88' lang='lat' dir='ltr'>est,</span> <span class='ocrx_word' id='word_1_15' title='bbox 276 538 312 577; x_wconf 84' lang='lat' dir='ltr'>ea</span> <span class='ocrx_word' id='word_1_16' title='bbox 325 519 396 595; x_wconf 90' lang='lat' dir='ltr'>ipsa,</span> <span class='ocrx_word' id='word_1_17' title='bbox 410 537 473 594; x_wconf 80' lang='lat' dir='ltr'>qum</span> <span class='ocrx_word' id='word_1_18' title='bbox 487 530 564 590; x_wconf 88' lang='lat' dir='ltr'>sunt,</span> <span class='ocrx_word' id='word_1_19' title='bbox 580 519 720 577; x_wconf 83' lang='lat' dir='ltr'>mirabilia</span> <span class='ocrx_word' id='word_1_20' title='bbox 733 519 832 578; x_wconf 86' lang='lat' dir='ltr'>videri.</span> 
     </span>
    </p>

    <p class='ocr_par' dir='ltr' id='par_1_3' title="bbox 102 615 943 3092">
     <span class='ocr_line' id='line_1_4' title="bbox 154 615 898 692; baseline 0.004 -20"><span class='ocrx_word' id='word_1_21' title='bbox 154 616 240 692; x_wconf 88' lang='lat' dir='ltr'>Ergo,</span> <span class='ocrx_word' id='word_1_22' title='bbox 255 626 287 672; x_wconf 90' lang='lat' dir='ltr'>ut</span> <span class='ocrx_word' id='word_1_23' title='bbox 307 617 342 672; x_wconf 86' lang='lat' dir='ltr'>ad</span> <span class='ocrx_word' id='word_1_24' title='bbox 362 617 485 690; x_wconf 89' lang='lat' dir='ltr'>primum</span> <span class='ocrx_word' id='word_1_25' title='bbox 506 616 575 672; x_wconf 87' lang='lat' dir='ltr'>illud</span> <span class='ocrx_word' id='word_1_26' title='bbox 598 624 731 686; x_wconf 84' lang='lat' dir='ltr'>revertar,</span> <span class='ocrx_word' id='word_1_27' title='bbox 745 615 782 673; x_wconf 88' lang='lat' dir='ltr'>sit</span> <span class='ocrx_word' id='word_1_28' title='bbox 802 626 898 675; x_wconf 77' lang='lat' dir='ltr'>orator</span> 
     </span>
     <span class='ocr_line' id='line_1_5' title="bbox 112 711 897 786; baseline 0 -16"><span class='ocrx_word' id='word_1_29' title='bbox 112 713 197 770; x_wconf 88' lang='lat' dir='ltr'>nobis</span> <span class='ocrx_word' id='word_1_30' title='bbox 211 713 244 783; x_wconf 89' lang='lat' dir='ltr'>is,</span> <span class='ocrx_word' id='word_1_31' title='bbox 256 713 315 786; x_wconf 91' lang='lat' dir='ltr'>qui,</span> <span class='ocrx_word' id='word_1_32' title='bbox 327 722 359 769; x_wconf 91' lang='lat' dir='ltr'>ut</span> <span class='ocrx_word' id='word_1_33' title='bbox 371 713 494 768; x_wconf 73' lang='lat' dir='ltr'>Crassus</span> <span class='ocrx_word' id='word_1_34' title='bbox 506 711 668 786; x_wconf 79' lang='lat' dir='ltr'>descripsit,</span> <span class='ocrx_word' id='word_1_35' title='bbox 680 713 897 776; x_wconf 80' lang='lat' dir='ltr'>accommodate</span> 
     </span>
     <span class='ocr_line' id='line_1_6' title="bbox 114 805 928 882; baseline 0 -18"><span class='ocrx_word' id='word_1_36' title='bbox 114 808 150 864; x_wconf 89' lang='lat' dir='ltr'>ad</span> <span class='ocrx_word' id='word_1_37' title='bbox 165 808 391 882; x_wconf 88' lang='lat' dir='ltr'>persuadendum</span> <span class='ocrx_word' id='word_1_38' title='bbox 413 807 503 882; x_wconf 81' lang='lat' dir='ltr'>possit</span> <span class='ocrx_word' id='word_1_39' title='bbox 523 807 628 863; x_wconf 89' lang='lat' dir='ltr'>dicere.</span> <span class='ocrx_word' id='word_1_40' title='bbox 670 805 699 862; x_wconf 90' lang='lat' dir='ltr'>Is</span> <span class='ocrx_word' id='word_1_41' title='bbox 713 817 807 864; x_wconf 88' lang='lat' dir='ltr'>autem</span> <span class='ocrx_word' id='word_1_42' title='bbox 828 815 928 866; x_wconf 79' lang='lat' dir='ltr'>con-5</span> 
     </span>
     <span class='ocr_line' id='line_1_7' title="bbox 112 903 898 978; baseline 0.003 -18"><span class='ocrx_word' id='word_1_43' title='bbox 112 904 245 960; x_wconf 88' lang='lat' dir='ltr'>cludatur</span> <span class='ocrx_word' id='word_1_44' title='bbox 266 904 295 960; x_wconf 87' lang='lat' dir='ltr'>in</span> <span class='ocrx_word' id='word_1_45' title='bbox 315 922 359 974; x_wconf 86' lang='lat' dir='ltr'>ec,</span> <span class='ocrx_word' id='word_1_46' title='bbox 379 923 442 978; x_wconf 80' lang='lat' dir='ltr'>quae</span> <span class='ocrx_word' id='word_1_47' title='bbox 462 913 528 960; x_wconf 90' lang='lat' dir='ltr'>sunt</span> <span class='ocrx_word' id='word_1_48' title='bbox 548 903 578 960; x_wconf 91' lang='lat' dir='ltr'>in</span> <span class='ocrx_word' id='word_1_49' title='bbox 599 921 652 959; x_wconf 90' lang='lat' dir='ltr'>usu</span> <span class='ocrx_word' id='word_1_50' title='bbox 673 903 820 962; x_wconf 87' lang='lat' dir='ltr'>civitatum</span> <span class='ocrx_word' id='word_1_51' title='bbox 839 904 898 962; x_wconf 83' lang='lat' dir='ltr'>vul·</span> 
     </span>
     <span class='ocr_line' id='line_1_8' title="bbox 112 998 896 1076; baseline 0.001 -20"><span class='ocrx_word' id='word_1_52' title='bbox 112 1000 175 1076; x_wconf 77' lang='lat' dir='ltr'>gari</span> <span class='ocrx_word' id='word_1_53' title='bbox 209 1018 244 1056; x_wconf 86' lang='lat' dir='ltr'>ac</span> <span class='ocrx_word' id='word_1_54' title='bbox 277 999 400 1069; x_wconf 70' lang='lat' dir='ltr'>lorensi3</span> <span class='ocrx_word' id='word_1_55' title='bbox 438 998 611 1073; x_wconf 85' lang='lat' dir='ltr'>remotisque</span> <span class='ocrx_word' id='word_1_56' title='bbox 647 999 751 1056; x_wconf 89' lang='lat' dir='ltr'>ceteris</span> <span class='ocrx_word' id='word_1_57' title='bbox 784 999 896 1071; x_wconf 88' lang='lat' dir='ltr'>studiis,</span> 
     </span>
     <span class='ocr_line' id='line_1_9' title="bbox 111 1094 896 1170; baseline 0.004 -19"><span class='ocrx_word' id='word_1_58' title='bbox 111 1096 241 1170; x_wconf 88' lang='lat' dir='ltr'>quamvis</span> <span class='ocrx_word' id='word_1_59' title='bbox 261 1114 296 1153; x_wconf 88' lang='lat' dir='ltr'>ea</span> <span class='ocrx_word' id='word_1_60' title='bbox 315 1096 372 1153; x_wconf 85' lang='lat' dir='ltr'>sint</span> <span class='ocrx_word' id='word_1_61' title='bbox 394 1095 488 1170; x_wconf 86' lang='lat' dir='ltr'>ample</span> <span class='ocrx_word' id='word_1_62' title='bbox 511 1105 595 1168; x_wconf 89' lang='lat' dir='ltr'>atque</span> <span class='ocrx_word' id='word_1_63' title='bbox 621 1094 768 1169; x_wconf 82' lang='lat' dir='ltr'>praeclare,</span> <span class='ocrx_word' id='word_1_64' title='bbox 789 1095 819 1152; x_wconf 90' lang='lat' dir='ltr'>in</span> <span class='ocrx_word' id='word_1_65' title='bbox 839 1095 896 1154; x_wconf 89' lang='lat' dir='ltr'>hnc</span> 
     </span>
     <span class='ocr_line' id='line_1_10' title="bbox 112 1190 895 1269; baseline 0 -20"><span class='ocrx_word' id='word_1_66' title='bbox 112 1211 172 1249; x_wconf 91' lang='lat' dir='ltr'>uno</span> <span class='ocrx_word' id='word_1_67' title='bbox 185 1211 271 1266; x_wconf 89' lang='lat' dir='ltr'>opere</span> <span class='ocrx_word' id='word_1_68' title='bbox 283 1191 328 1268; x_wconf 87' lang='lat' dir='ltr'>(ut</span> <span class='ocrx_word' id='word_1_69' title='bbox 342 1192 381 1248; x_wconf 85' lang='lat' dir='ltr'>ita</span> <span class='ocrx_word' id='word_1_70' title='bbox 395 1192 503 1269; x_wconf 87' lang='lat' dir='ltr'>dicam)</span> <span class='ocrx_word' id='word_1_71' title='bbox 516 1201 616 1248; x_wconf 90' lang='lat' dir='ltr'>noctes</span> <span class='ocrx_word' id='word_1_72' title='bbox 627 1201 655 1247; x_wconf 89' lang='lat' dir='ltr'>et</span> <span class='ocrx_word' id='word_1_73' title='bbox 668 1190 730 1248; x_wconf 92' lang='lat' dir='ltr'>dies</span> <span class='ocrx_word' id='word_1_74' title='bbox 743 1201 895 1268; x_wconf 81' lang='lat' dir='ltr'>urgeatur:</span> 
     </span>
     <span class='ocr_line' id='line_1_11' title="bbox 112 1287 943 1362; baseline 0.004 -18"><span class='ocrx_word' id='word_1_75' title='bbox 112 1287 297 1362; x_wconf 87' lang='lat' dir='ltr'>imiteturque</span> <span class='ocrx_word' id='word_1_76' title='bbox 323 1287 414 1358; x_wconf 91' lang='lat' dir='ltr'>illum,</span> <span class='ocrx_word' id='word_1_77' title='bbox 439 1288 487 1344; x_wconf 90' lang='lat' dir='ltr'>cui</span> <span class='ocrx_word' id='word_1_78' title='bbox 513 1287 576 1344; x_wconf 87' lang='lat' dir='ltr'>sine</span> <span class='ocrx_word' id='word_1_79' title='bbox 603 1287 690 1344; x_wconf 92' lang='lat' dir='ltr'>dubio</span> <span class='ocrx_word' id='word_1_80' title='bbox 717 1305 828 1346; x_wconf 84' lang='lat' dir='ltr'>summa</span> <span class='ocrx_word' id='word_1_81' title='bbox 854 1288 895 1346; x_wconf 81' lang='lat' dir='ltr'>vis</span> <span class='ocrx_word' id='word_1_82' title='bbox 912 1297 943 1347; x_wconf 84' lang='lat'>1⁰</span> 
     </span>
     <span class='ocr_line' id='line_1_12' title="bbox 111 1383 923 1456; baseline 0.002 -16"><span class='ocrx_word' id='word_1_83' title='bbox 111 1383 228 1441; x_wconf 88' lang='lat' dir='ltr'>dicendi</span> <span class='ocrx_word' id='word_1_84' title='bbox 242 1383 421 1453; x_wconf 75' lang='lat' dir='ltr'>conceditur,</span> <span class='ocrx_word' id='word_1_85' title='bbox 436 1383 644 1441; x_wconf 85' lang='lat' dir='ltr'>Atheniensem</span> <span class='ocrx_word' id='word_1_86' title='bbox 658 1383 893 1456; x_wconf 86' lang='lat' dir='ltr'>Demosthenem,</span> <span class='ocrx_word' id='word_1_87' title='bbox 920 1437 923 1442; x_wconf 92' lang='lat'>.</span> 
     </span>
     <span class='ocr_line' id='line_1_13' title="bbox 111 1479 894 1554; baseline 0.001 -17"><span class='ocrx_word' id='word_1_88' title='bbox 111 1481 142 1538; x_wconf 91' lang='lat' dir='ltr'>in</span> <span class='ocrx_word' id='word_1_89' title='bbox 163 1497 220 1554; x_wconf 89' lang='lat' dir='ltr'>quo</span> <span class='ocrx_word' id='word_1_90' title='bbox 240 1491 351 1537; x_wconf 90' lang='lat' dir='ltr'>tantum</span> <span class='ocrx_word' id='word_1_91' title='bbox 372 1480 497 1537; x_wconf 88' lang='lat' dir='ltr'>studium</span> <span class='ocrx_word' id='word_1_92' title='bbox 518 1479 616 1549; x_wconf 86' lang='lat' dir='ltr'>luisse,</span> <span class='ocrx_word' id='word_1_93' title='bbox 636 1489 788 1554; x_wconf 79' lang='lat' dir='ltr'>tantusque</span> <span class='ocrx_word' id='word_1_94' title='bbox 813 1479 894 1538; x_wconf 88' lang='lat' dir='ltr'>labor</span> 
     </span>
     <span class='ocr_line' id='line_1_14' title="bbox 110 1575 895 1651; baseline -0.001 -18"><span class='ocrx_word' id='word_1_95' title='bbox 110 1577 226 1648; x_wconf 86' lang='lat' dir='ltr'>dieitur,</span> <span class='ocrx_word' id='word_1_96' title='bbox 255 1587 286 1633; x_wconf 89' lang='lat' dir='ltr'>ut</span> <span class='ocrx_word' id='word_1_97' title='bbox 312 1576 435 1651; x_wconf 88' lang='lat' dir='ltr'>primum</span> <span class='ocrx_word' id='word_1_98' title='bbox 468 1575 671 1651; x_wconf 87' lang='lat' dir='ltr'>impedimenta</span> <span class='ocrx_word' id='word_1_99' title='bbox 697 1585 805 1632; x_wconf 70' lang='lat' dir='ltr'>naturae</span> <span class='ocrx_word' id='word_1_100' title='bbox 832 1575 895 1632; x_wconf 91' lang='lat' dir='ltr'>dili-</span> 
     </span>
     <span class='ocr_line' id='line_1_15' title="bbox 110 1670 895 1750; baseline 0.001 -21"><span class='ocrx_word' id='word_1_101' title='bbox 110 1674 209 1750; x_wconf 67' lang='lat' dir='ltr'>gentia</span> <span class='ocrx_word' id='word_1_102' title='bbox 230 1673 425 1748; x_wconf 63' lang='lat' dir='ltr'>industrieque</span> <span class='ocrx_word' id='word_1_103' title='bbox 445 1682 608 1747; x_wconf 84' lang='lat' dir='ltr'>superaret:</span> <span class='ocrx_word' id='word_1_104' title='bbox 633 1689 756 1745; x_wconf 91' lang='lat' dir='ltr'>cumque</span> <span class='ocrx_word' id='word_1_105' title='bbox 777 1670 817 1728; x_wconf 87' lang='lat' dir='ltr'>ita</span> <span class='ocrx_word' id='word_1_106' title='bbox 837 1671 895 1730; x_wconf 84' lang='lat' dir='ltr'>bal·</span> 
     </span>
     <span class='ocr_line' id='line_1_16' title="bbox 110 1766 941 1844; baseline -0.002 -18"><span class='ocrx_word' id='word_1_107' title='bbox 110 1771 165 1826; x_wconf 88' lang='lat' dir='ltr'>bus</span> <span class='ocrx_word' id='word_1_108' title='bbox 184 1780 269 1840; x_wconf 78' lang='lat' dir='ltr'>esset,</span> <span class='ocrx_word' id='word_1_109' title='bbox 284 1779 316 1827; x_wconf 90' lang='lat' dir='ltr'>ut</span> <span class='ocrx_word' id='word_1_110' title='bbox 335 1769 397 1844; x_wconf 88' lang='lat' dir='ltr'>ejus</span> <span class='ocrx_word' id='word_1_111' title='bbox 417 1769 505 1844; x_wconf 78' lang='lat' dir='ltr'>ipsius</span> <span class='ocrx_word' id='word_1_112' title='bbox 525 1767 603 1837; x_wconf 85' lang='lat' dir='ltr'>artis,</span> <span class='ocrx_word' id='word_1_113' title='bbox 623 1766 671 1824; x_wconf 88' lang='lat' dir='ltr'>cui</span> <span class='ocrx_word' id='word_1_114' title='bbox 691 1767 827 1838; x_wconf 85' lang='lat' dir='ltr'>studeret,</span> <span class='ocrx_word' id='word_1_115' title='bbox 841 1768 895 1844; x_wconf 91' lang='lat' dir='ltr'>pri·</span> <span class='ocrx_word' id='word_1_116' title='bbox 910 1775 941 1824; x_wconf 81' lang='lat'>15</span> 
     </span>
     <span class='ocr_line' id='line_1_17' title="bbox 109 1863 924 1940; baseline -0.002 -18"><span class='ocrx_word' id='word_1_117' title='bbox 109 1885 186 1922; x_wconf 87' lang='lat' dir='ltr'>mam</span> <span class='ocrx_word' id='word_1_118' title='bbox 207 1865 318 1922; x_wconf 82' lang='lat' dir='ltr'>literam</span> <span class='ocrx_word' id='word_1_119' title='bbox 338 1884 397 1922; x_wconf 95' lang='lat' dir='ltr'>non</span> <span class='ocrx_word' id='word_1_120' title='bbox 416 1874 512 1940; x_wconf 87' lang='lat' dir='ltr'>posset</span> <span class='ocrx_word' id='word_1_121' title='bbox 534 1863 641 1933; x_wconf 88' lang='lat' dir='ltr'>dicere,</span> <span class='ocrx_word' id='word_1_122' title='bbox 661 1863 781 1939; x_wconf 84' lang='lat' dir='ltr'>perfecit</span> <span class='ocrx_word' id='word_1_123' title='bbox 807 1864 895 1922; x_wconf 87' lang='lat' dir='ltr'>medi·</span> <span class='ocrx_word' id='word_1_124' title='bbox 919 1887 924 1927; x_wconf 76' lang='lat'>.&#39;</span> 
     </span>
     <span class='ocr_line' id='line_1_18' title="bbox 108 1960 893 2036; baseline 0.001 -18"><span class='ocrx_word' id='word_1_125' title='bbox 108 1963 208 2032; x_wconf 88' lang='lat' dir='ltr'>tando,</span> <span class='ocrx_word' id='word_1_126' title='bbox 229 1973 259 2019; x_wconf 90' lang='lat' dir='ltr'>ut</span> <span class='ocrx_word' id='word_1_127' title='bbox 279 1980 364 2018; x_wconf 93' lang='lat' dir='ltr'>nemo</span> <span class='ocrx_word' id='word_1_128' title='bbox 388 1962 502 2036; x_wconf 90' lang='lat' dir='ltr'>planius</span> <span class='ocrx_word' id='word_1_129' title='bbox 528 1979 564 2018; x_wconf 91' lang='lat' dir='ltr'>eo</span> <span class='ocrx_word' id='word_1_130' title='bbox 590 1960 704 2017; x_wconf 88' lang='lat' dir='ltr'>locutus</span> <span class='ocrx_word' id='word_1_131' title='bbox 730 1969 893 2035; x_wconf 85' lang='lat' dir='ltr'>putaretur:</span> 
     </span>
     <span class='ocr_line' id='line_1_19' title="bbox 108 2056 894 2134; baseline 0.004 -21"><span class='ocrx_word' id='word_1_132' title='bbox 108 2057 224 2128; x_wconf 91' lang='lat' dir='ltr'>deinde,</span> <span class='ocrx_word' id='word_1_133' title='bbox 245 2075 312 2114; x_wconf 91' lang='lat' dir='ltr'>eum</span> <span class='ocrx_word' id='word_1_134' title='bbox 333 2056 448 2131; x_wconf 86' lang='lat' dir='ltr'>spiritus</span> <span class='ocrx_word' id='word_1_135' title='bbox 471 2057 534 2131; x_wconf 86' lang='lat' dir='ltr'>ejus</span> <span class='ocrx_word' id='word_1_136' title='bbox 557 2065 632 2113; x_wconf 90' lang='lat' dir='ltr'>esset</span> <span class='ocrx_word' id='word_1_137' title='bbox 657 2057 812 2134; x_wconf 85' lang='lat' dir='ltr'>angustior,</span> <span class='ocrx_word' id='word_1_138' title='bbox 834 2068 894 2116; x_wconf 85' lang='lat' dir='ltr'>tun·</span> 
     </span>
     <span class='ocr_line' id='line_1_20' title="bbox 107 2152 892 2224; baseline 0 -14"><span class='ocrx_word' id='word_1_139' title='bbox 107 2164 181 2223; x_wconf 89' lang='lat' dir='ltr'>tum,</span> <span class='ocrx_word' id='word_1_140' title='bbox 192 2153 368 2210; x_wconf 72' lang='lat' dir='ltr'>continenda</span> <span class='ocrx_word' id='word_1_141' title='bbox 380 2152 475 2209; x_wconf 63' lang='lat' dir='ltr'>animia</span> <span class='ocrx_word' id='word_1_142' title='bbox 488 2153 518 2209; x_wconf 91' lang='lat' dir='ltr'>in</span> <span class='ocrx_word' id='word_1_143' title='bbox 533 2152 667 2223; x_wconf 91' lang='lat' dir='ltr'>dicendo,</span> <span class='ocrx_word' id='word_1_144' title='bbox 679 2163 722 2209; x_wconf 90' lang='lat' dir='ltr'>est</span> <span class='ocrx_word' id='word_1_145' title='bbox 736 2163 892 2224; x_wconf 82' lang='lat' dir='ltr'>assecutus,</span> 
     </span>
     <span class='ocr_line' id='line_1_21' title="bbox 106 2248 939 2325; baseline 0 -19"><span class='ocrx_word' id='word_1_146' title='bbox 106 2260 141 2306; x_wconf 88' lang='lat' dir='ltr'>ut</span> <span class='ocrx_word' id='word_1_147' title='bbox 165 2249 223 2306; x_wconf 74' lang='lat' dir='ltr'>u&#39;nd</span> <span class='ocrx_word' id='word_1_148' title='bbox 246 2249 463 2306; x_wconf 83' lang='lat' dir='ltr'>continuatione</span> <span class='ocrx_word' id='word_1_149' title='bbox 488 2249 640 2306; x_wconf 87' lang='lat' dir='ltr'>verborum</span> <span class='ocrx_word' id='word_1_150' title='bbox 666 2248 708 2325; x_wconf 87' lang='lat' dir='ltr'>(id</span> <span class='ocrx_word' id='word_1_151' title='bbox 733 2249 808 2323; x_wconf 89' lang='lat' dir='ltr'>quod</span> <span class='ocrx_word' id='word_1_152' title='bbox 832 2249 892 2325; x_wconf 87' lang='lat' dir='ltr'>ejus</span> <span class='ocrx_word' id='word_1_153' title='bbox 907 2255 939 2306; x_wconf 76' lang='lat'>2⁰</span> 
     </span>
     <span class='ocr_line' id='line_1_22' title="bbox 107 2343 926 2423; baseline -0.001 -20"><span class='ocrx_word' id='word_1_154' title='bbox 107 2346 214 2421; x_wconf 85' lang='lat' dir='ltr'>scripta</span> <span class='ocrx_word' id='word_1_155' title='bbox 235 2346 395 2423; x_wconf 80' lang='lat' dir='ltr'>declarant)</span> <span class='ocrx_word' id='word_1_156' title='bbox 418 2345 491 2402; x_wconf 74' lang='lat' dir='ltr'>bins</span> <span class='ocrx_word' id='word_1_157' title='bbox 510 2345 539 2401; x_wconf 90' lang='lat' dir='ltr'>ei</span> <span class='ocrx_word' id='word_1_158' title='bbox 559 2343 758 2402; x_wconf 89' lang='lat' dir='ltr'>contentiones</span> <span class='ocrx_word' id='word_1_159' title='bbox 772 2344 850 2402; x_wconf 83' lang='lat' dir='ltr'>rucis</span> <span class='ocrx_word' id='word_1_160' title='bbox 864 2356 893 2402; x_wconf 88' lang='lat' dir='ltr'>et</span> <span class='ocrx_word' id='word_1_161' title='bbox 915 2371 926 2406; x_wconf 74' lang='lat'><em>;</em></span> 
     </span>
     <span class='ocr_line' id='line_1_23' title="bbox 107 2438 892 2515; baseline 0 -17"><span class='ocrx_word' id='word_1_162' title='bbox 107 2442 290 2499; x_wconf 84' lang='lat' dir='ltr'>remissiones</span> <span class='ocrx_word' id='word_1_163' title='bbox 305 2442 537 2499; x_wconf 86' lang='lat' dir='ltr'>continerentur:</span> <span class='ocrx_word' id='word_1_164' title='bbox 559 2440 607 2515; x_wconf 91' lang='lat' dir='ltr'>qui</span> <span class='ocrx_word' id='word_1_165' title='bbox 626 2440 712 2498; x_wconf 86' lang='lat' dir='ltr'>etism</span> <span class='ocrx_word' id='word_1_166' title='bbox 727 2438 773 2515; x_wconf 89' lang='lat' dir='ltr'>(ut</span> <span class='ocrx_word' id='word_1_167' title='bbox 786 2458 892 2498; x_wconf 79' lang='lat' dir='ltr'>merno-</span> 
     </span>
     <span class='ocr_line' id='line_1_24' title="bbox 107 2535 892 2616; baseline -0.001 -21"><span class='ocrx_word' id='word_1_168' title='bbox 107 2538 158 2595; x_wconf 84' lang='lat' dir='ltr'>riae</span> <span class='ocrx_word' id='word_1_169' title='bbox 178 2539 320 2614; x_wconf 88' lang='lat' dir='ltr'>proditum</span> <span class='ocrx_word' id='word_1_170' title='bbox 342 2543 410 2616; x_wconf 87' lang='lat' dir='ltr'>est),</span> <span class='ocrx_word' id='word_1_171' title='bbox 425 2536 564 2611; x_wconf 89' lang='lat' dir='ltr'>conjectis</span> <span class='ocrx_word' id='word_1_172' title='bbox 583 2535 613 2592; x_wconf 91' lang='lat' dir='ltr'>in</span> <span class='ocrx_word' id='word_1_173' title='bbox 628 2554 660 2594; x_wconf 89' lang='lat' dir='ltr'>os</span> <span class='ocrx_word' id='word_1_174' title='bbox 674 2535 802 2607; x_wconf 88' lang='lat' dir='ltr'>calculis,</span> <span class='ocrx_word' id='word_1_175' title='bbox 817 2554 892 2594; x_wconf 82' lang='lat' dir='ltr'>sum-</span> 
     </span>
     <span class='ocr_line' id='line_1_25' title="bbox 106 2632 891 2707; baseline -0.001 -16"><span class='ocrx_word' id='word_1_176' title='bbox 106 2633 156 2691; x_wconf 72' lang='lat' dir='ltr'>md</span> <span class='ocrx_word' id='word_1_177' title='bbox 176 2651 246 2690; x_wconf 89' lang='lat' dir='ltr'>voce</span> <span class='ocrx_word' id='word_1_178' title='bbox 266 2651 364 2690; x_wconf 88' lang='lat' dir='ltr'>versus</span> <span class='ocrx_word' id='word_1_179' title='bbox 384 2633 489 2690; x_wconf 92' lang='lat' dir='ltr'>multos</span> <span class='ocrx_word' id='word_1_180' title='bbox 509 2651 567 2690; x_wconf 93' lang='lat' dir='ltr'>uno</span> <span class='ocrx_word' id='word_1_181' title='bbox 586 2632 686 2707; x_wconf 87' lang='lat' dir='ltr'>spiritu</span> <span class='ocrx_word' id='word_1_182' title='bbox 707 2633 891 2707; x_wconf 88' lang='lat' dir='ltr'>pronuntiare</span> 
     </span>
     <span class='ocr_line' id='line_1_26' title="bbox 105 2726 936 2808; baseline 0.002 -22"><span class='ocrx_word' id='word_1_183' title='bbox 105 2731 330 2799; x_wconf 85' lang='lat' dir='ltr'>consuescebat3</span> <span class='ocrx_word' id='word_1_184' title='bbox 352 2748 445 2804; x_wconf 90' lang='lat' dir='ltr'>neque</span> <span class='ocrx_word' id='word_1_185' title='bbox 461 2726 512 2808; x_wconf 88' lang='lat' dir='ltr'>[is]</span> <span class='ocrx_word' id='word_1_186' title='bbox 529 2728 690 2786; x_wconf 87' lang='lat' dir='ltr'>consistens</span> <span class='ocrx_word' id='word_1_187' title='bbox 706 2729 735 2786; x_wconf 92' lang='lat' dir='ltr'>in</span> <span class='ocrx_word' id='word_1_188' title='bbox 749 2729 825 2801; x_wconf 87' lang='lat' dir='ltr'>luco,</span> <span class='ocrx_word' id='word_1_189' title='bbox 839 2730 890 2788; x_wconf 90' lang='lat' dir='ltr'>sed</span> <span class='ocrx_word' id='word_1_190' title='bbox 904 2737 936 2788; x_wconf 64' lang='lat' dir='ltr'>m</span> 
     </span>
     <span class='ocr_line' id='line_1_27' title="bbox 104 2825 924 2901; baseline 0.001 -18"><span class='ocrx_word' id='word_1_191' title='bbox 104 2826 298 2898; x_wconf 81' lang='lat' dir='ltr'>inambulans,</span> <span class='ocrx_word' id='word_1_192' title='bbox 329 2836 414 2901; x_wconf 82' lang='lat' dir='ltr'>atque</span> <span class='ocrx_word' id='word_1_193' title='bbox 441 2845 563 2883; x_wconf 86' lang='lat' dir='ltr'>ascensu</span> <span class='ocrx_word' id='word_1_194' title='bbox 600 2825 765 2901; x_wconf 84' lang='lat' dir='ltr'>ingrediens</span> <span class='ocrx_word' id='word_1_195' title='bbox 791 2826 924 2889; x_wconf 74' lang='lat' dir='ltr'>arduo...</span> 
     </span>
     <span class='ocr_line' id='line_1_28' title="bbox 105 2919 889 2999; baseline -0.003 -19"><span class='ocrx_word' id='word_1_196' title='bbox 105 2921 199 2980; x_wconf 89' lang='lat' dir='ltr'>Hisce</span> <span class='ocrx_word' id='word_1_197' title='bbox 220 2941 274 2999; x_wconf 82' lang='lat' dir='ltr'>ego</span> <span class='ocrx_word' id='word_1_198' title='bbox 295 2921 550 2993; x_wconf 86' lang='lat' dir='ltr'>cohortationibus,</span> <span class='ocrx_word' id='word_1_199' title='bbox 569 2921 683 2992; x_wconf 76' lang='lat' dir='ltr'>Crasse,</span> <span class='ocrx_word' id='word_1_200' title='bbox 706 2919 741 2978; x_wconf 86' lang='lat' dir='ltr'>ad</span> <span class='ocrx_word' id='word_1_201' title='bbox 763 2920 889 2978; x_wconf 90' lang='lat' dir='ltr'>studium</span> 
     </span>
     <span class='ocr_line' id='line_1_29' title="bbox 102 3014 890 3092; baseline -0.006 -16"><span class='ocrx_word' id='word_1_202' title='bbox 102 3027 135 3076; x_wconf 87' lang='lat' dir='ltr'>et</span> <span class='ocrx_word' id='word_1_203' title='bbox 162 3017 197 3074; x_wconf 83' lang='lat' dir='ltr'>od</span> <span class='ocrx_word' id='word_1_204' title='bbox 223 3015 351 3077; x_wconf 73' lang='lat' dir='ltr'>laborem</span> <span class='ocrx_word' id='word_1_205' title='bbox 367 3015 540 3080; x_wconf 72' lang='lat' dir='ltr'>,incitandos</span> <span class='ocrx_word' id='word_1_206' title='bbox 563 3014 682 3092; x_wconf 83' lang='lat' dir='ltr'>juvenes</span> <span class='ocrx_word' id='word_1_207' title='bbox 708 3014 890 3089; x_wconf 60' lang='lat' dir='ltr'>uehementer</span> 
     </span>
    </p>
   </div>
   <div class='ocr_carea' id='block_1_3' title="bbox 0 0 1060 3417">
    <p class='ocr_par' dir='ltr' id='par_1_4' title="bbox 0 0 1060 3417">
     <span class='ocr_line' id='line_1_30' title="bbox 0 0 1060 3417; baseline 0 2"><span class='ocrx_word' id='word_1_208' title='bbox 0 0 1060 3417; x_wconf 95' lang='lat' dir='ltr'> </span> 
     </span>
    </p>
   </div>
  </div>
 </body>
</html>
