2109 3417
112 328 193 388 un]
394 330 438 376 ne
459 329 623 376 onerosa.
657 366 659 371 ,
903 321 943 379 57

111 474 235 550 linquas,
255 476 365 535 nihilne
385 479 512 535 noceasl
551 476 586 538 In
607 496 664 553 quo
684 496 747 554 ego,
762 496 820 535 non
841 495 898 553 quo

111 571 234 629 libenter
253 574 328 631 male
349 574 473 645 audiam,
488 573 539 631 sed
560 574 627 648 quia
640 592 695 650 ego
709 593 825 631 causam
838 592 898 631 non

110 666 234 725 libenter
266 670 407 744 relinquo,
440 671 562 727 nimium
594 671 705 746 patiens
738 681 767 728 et
802 670 897 729 lentus

111 765 273 835 existimor3
302 777 342 837 ut,
364 777 479 823 comte
500 768 603 841 ipsum,
625 766 746 841 Sulpici,
767 767 898 843 objurga-

111 862 187 934 bam,
208 862 285 937 quod
305 863 526 920 ministratorem
547 874 668 937 peteres,
689 880 747 934 non
769 869 927 920 adversa-5

109 957 193 1022 rium.
235 958 280 1017 Er
299 977 356 1033 quo
375 958 462 1016 etiam
483 958 554 1015 illud
575 978 718 1033 assequor,
740 969 781 1029 ut,
795 958 820 1015 si
833 959 896 1034 quis

109 1054 181 1111 mibi
193 1054 357 1126 maledicat,
371 1054 512 1129 petulans,
528 1064 577 1113 aut
588 1054 674 1130 plane
692 1055 819 1127 insanus,
833 1073 895 1113 esse

109 1150 249 1208 uideatur.

148 1245 184 1303 In
198 1245 268 1321 ipsis
281 1257 375 1320 autem
391 1246 565 1323 argumentis
579 1246 602 1303 si
617 1247 684 1321 quid
703 1248 834 1322 posueris
848 1257 896 1307 aut

111 1353 207 1416 aperte
227 1342 340 1412 salsum,
361 1352 410 1399 aut
435 1343 473 1413 ei,
493 1342 570 1416 quod
597 1343 712 1412 dixeris,
734 1343 896 1401 dicturusve
912 1351 941 1400 1⁰

110 1437 160 1506 sis,
175 1438 361 1508 contrarium,
376 1448 425 1495 aut
438 1456 544 1513 genere
561 1437 624 1512 ipso
637 1448 778 1495 remotum
794 1439 896 1495 abusu

107 1532 284 1609 judiciorum
318 1552 352 1591 ac
385 1534 458 1605 foro,
491 1533 602 1589 nihilne
635 1534 761 1589 noceasl
813 1533 896 1595 Quid

109 1629 220 1687 multal
246 1629 341 1687 omnis
367 1648 439 1686 cura
464 1645 529 1687 mea
555 1628 627 1685 solet
654 1628 683 1685 in
711 1628 766 1685 hoc
791 1629 896 1687 versari

110 1743 231 1800 semper,
247 1725 357 1801 (dicam
377 1724 456 1781 enim
475 1723 593 1801 sepius)
615 1722 638 1780 si
652 1722 769 1798 possim,
784 1722 896 1780 utboni

112 1820 218 1894 aliquid
237 1821 361 1879 efficiam
381 1820 522 1891 dicend03
544 1819 589 1877 sin
603 1819 632 1877 id
646 1819 751 1889 minus,
767 1828 798 1876 ut
817 1829 896 1877 certe
911 1832 941 1881 15

110 1916 217 1993 nequid
230 1917 307 1976 mali.

149 2109 289 2169 LXXVI.
319 2110 420 2185 Itaque
436 2128 515 2167 nunc
536 2106 605 2166 illuc
625 2109 722 2180 redeo,
737 2106 849 2181 Catule,
865 2109 895 2167 in

110 2225 167 2282 quo
193 2218 224 2264 tu
251 2226 298 2265 me
323 2207 408 2282 paulo
435 2216 501 2264 ante
526 2205 673 2277 laudabas,
702 2205 738 2263 ad
764 2206 895 2263 ordinem

110 2302 387 2377 collocationemque
416 2295 516 2359 ¹rernm
550 2320 584 2359 ac
612 2301 751 2359 locorum.
805 2302 896 2377 Cujus

109 2397 184 2455 ratio
210 2408 253 2455 est
280 2399 400 2473 duplex:
436 2399 534 2467 altera,
562 2416 646 2472 quam
682 2398 762 2456 affert
794 2409 942 2459 naturam

110 2512 278 2565 causarum3
300 2496 398 2564 altera,
417 2513 481 2569 quae
502 2504 646 2551 oratorum
664 2494 775 2569 judicio
788 2505 817 2553 et
829 2514 896 2571 prn-

109 2589 209 2647 dentiri
228 2600 418 2664 comparatur.
458 2590 547 2661 Nam,
569 2599 600 2647 ut
621 2589 726 2664 aliquid
749 2600 814 2649 ante
834 2610 895 2649 rem

109 2687 252 2756 dicamus,
279 2686 394 2757 deinde,
421 2696 453 2743 ut
479 2705 539 2743 rem
566 2704 751 2761 exponamus,
775 2697 837 2763 post
863 2698 896 2745 ut

107 2802 174 2843 eam
199 2784 354 2858 probemus
379 2782 485 2840 nostris
510 2782 651 2857 praesidiis
674 2783 894 2853 confirmandis,

108 2880 262 2939 contrariis
295 2879 462 2950 refutandis,
489 2878 594 2936 deinde
620 2888 652 2937 ut
679 2880 894 2949 concludamus,
909 2891 941 2957 25

109 2987 195 3051 atque
215 2976 256 3036 ita
274 2993 450 3051 peroremus,
469 2975 526 3032 boc
547 2974 663 3051 dicendi
683 2993 774 3051 genus
793 2985 896 3033 natura

108 3073 171 3149 ipsa
182 3071 350 3149 prescribit
