2109 3417
667 219 676 250 t

121 276 177 336 16⁴
384 244 390 253 ¹
437 286 482 335 ne
503 287 668 336 ossuum.
868 287 908 348 [u.
916 287 948 334 11.

72 512 75 523 Ι
163 445 256 506 untur,
281 453 344 509 quer
368 436 484 494 veniant
508 437 538 494 in
560 434 701 512 judioium
724 445 796 507 tum,
821 453 888 494 oum
912 434 948 492 de

163 531 240 590 sueto
259 542 418 606 quaerstur:
439 534 490 590 sed
510 545 606 590 temen
627 531 781 590 eriminum
797 541 841 588 est
854 531 948 594 multi·

162 628 242 700 tudo,
256 647 316 686 non
330 628 529 686 defensionum
545 639 593 686 eut
606 629 747 700 looorum,
761 627 881 686 infinite

4 856 5 899 ,
138 864 142 870 .
201 818 333 877 XXXII.
362 819 440 882 Qun
459 839 537 892 sero,
559 839 624 878 eum
645 819 682 878 de
702 820 779 878 t’aeto
805 837 864 876 non
891 837 948 876 em·

3 906 6 967 l
132 916 278 993 5bigitur,
298 928 474 991 queruntur,
494 916 590 992 quslie
615 917 688 987 sint;
716 935 761 988 ee,
781 914 806 972 si
830 933 865 972 ex
891 914 947 974 reis

3 972 7 1049 l
161 1030 304 1083 numeres,
325 1022 355 1069 et
373 1011 594 1071 innumerabilia
617 1023 692 1084 sunt,
713 1021 743 1070 et
762 1012 902 1082 obseurn3
922 1011 947 1070 si

3 1088 7 1179 l
161 1126 197 1165 ex
217 1108 312 1179 rebus,
333 1108 415 1165 rslde
435 1118 465 1165 et
481 1109 605 1180 modios,
620 1119 649 1166 et
662 1108 790 1167 illustris.
832 1108 909 1166 Nam
922 1107 947 1166 si

4 1186 5 1203 ¹
161 1199 293 1261 Meneini
314 1221 429 1261 eausam
451 1203 481 1262 in
499 1223 559 1262 uno
573 1203 710 1262 Menoino
723 1203 866 1280 ponimus,
880 1221 948 1279 quo·

118 1403 148 1452 10
162 1406 262 1471 eeptus
276 1414 334 1453 non
348 1397 411 1468 erit,
426 1397 510 1454 toties
523 1415 612 1454 eausa
625 1415 698 1454 nove
711 1407 853 1454 nascetur.
894 1397 947 1454 Sin

162 1493 192 1550 in
212 1493 262 1550 illd
283 1493 478 1551 coutroversid
498 1512 615 1550 oensem
636 1493 714 1564 feeit,
729 1492 896 1550 videnturne
909 1492 947 1564 ei,

162 1609 247 1666 quem
270 1599 489 1665 poter-putretis
509 1589 660 1660 dediderit,
681 1589 705 1648 si
727 1589 750 1646 is
770 1607 828 1646 non
848 1589 885 1647 sit
905 1585 949 1648 res

163 1696 273 1763 septus,
287 1684 493 1761 postliminium
506 1704 586 1756 esse;
608 1685 678 1742 nihil
694 1685 728 1743 ad
745 1695 832 1743 ortem
850 1685 949 1744 dioen-

162 1783 202 1855 di,
223 1801 278 1840 nee
300 1782 335 1839 sd
356 1795 523 1858 arguments
542 1781 726 1853 defensionis,
748 1780 877 1841 Mancini
897 1799 948 1838 no·

118 1887 148 1936 15
163 1899 228 1938 men
243 1879 374 1954 pertinet.
414 1879 472 1949 Ao,
485 1878 592 1953 siquid
608 1877 688 1935 effert
700 1888 838 1953 preterea
858 1877 949 1936 homi-

162 1975 208 2034 nis
222 1985 271 2032 nut
284 1974 409 2051 dignitus
423 1985 471 2032 sot
485 1974 649 2050 indignitas,
664 1985 743 2032 extre
761 1973 948 2049 questionem

162 2081 215 2141 est,
230 2085 260 2127 et
272 2089 308 2127 en
325 2081 421 2128 tamen
442 2070 503 2146 ipss
521 2070 612 2128 oratio
633 2070 668 2130 ed
690 2069 814 2130 universi
833 2071 948 2148 generis

162 2166 383 2242 disputationem
404 2167 541 2224 reseretur
561 2185 679 2224 neeesse
699 2177 749 2225 est
798 2166 872 2226 Hmo
892 2186 948 2245 ego

162 2270 222 2320 n'on
237 2281 285 2319 eo
311 2263 433 2320 oonsilio
460 2263 582 2339 disputo,
606 2274 638 2321 ut
664 2263 794 2322 homines
820 2263 949 2324 eruditos

117 2371 149 2420 20
164 2361 349 2437 redarguam
370 2379 531 2435 quenquam
552 2362 778 2436 reprehendendi
796 2373 873 2435 sunt,
887 2363 947 2438 qui,

163 2457 193 2514 in
213 2475 319 2534 genere
339 2456 512 2528 deliniendo,
527 2457 596 2514 istas
617 2475 718 2516 seusus
736 2458 903 2518 describunt
917 2459 949 2518 in

163 2553 293 2630 personis
319 2562 347 2609 et
374 2551 404 2610 in
430 2553 606 2628 temporibus
628 2553 734 2630 positus
757 2573 829 2613 esse.
870 2555 948 2614 Num

163 2650 217 2706 etsi
232 2649 383 2706 incurrunt
395 2658 525 2723 tempore
538 2659 567 2706 et
580 2667 718 2724 persone,
733 2660 829 2710 tumen
846 2649 950 2710 intelli·

163 2745 289 2822 gendum
309 2755 362 2816 est,
376 2763 435 2801 non
455 2763 491 2801 ex
510 2743 556 2817 iis,
571 2746 621 2802 sed
642 2747 797 2822 exgenere
817 2747 951 2822 questio·

117 2855 150 2905 25
164 2843 219 2912 nis,
245 2842 371 2917 pendere
397 2859 506 2900 ouusos.
536 2889 538 2894 .
561 2841 620 2898 Sed
647 2841 703 2899 hoo
729 2842 801 2900 nihil
829 2842 865 2900 sd
890 2861 948 2902 me.

163 2936 285 2996 Nullum
311 2937 389 2996 enim
413 2937 496 2996 nobis
522 2935 668 2996 eertlimen
694 2955 762 2996 eum
790 2937 852 2996 istis
884 2955 951 2998 esse

165 3034 250 3092 debet
269 3043 398 3107 tentumz,
416 3033 486 3092 setis
504 3043 549 3094 est
566 3032 698 3114 intelligi,
712 3052 750 3093 ne
761 3033 951 3112 nequidem

161 1298 339 1376 tieseumque
359 1299 393 1372 is,
408 1319 493 1376 quem
506 1311 725 1376 peter-pstrutus
739 1300 890 1372 dediderit,
905 1318 948 1357 re·
1025 1313 1031 1332 ¹
