2109 3417
123 284 194 345 nr]
406 282 450 331 nn
472 282 636 329 onumen
918 266 966 326 68·

34 470 38 475 -
122 432 254 503 historia,
269 430 398 489 omnium
419 431 559 489 bonarum
580 430 683 488 artium
703 427 858 505 scriptores
877 444 914 485 ae

121 529 259 587 doctores
278 538 307 585 et
327 527 452 604 legendi,
467 538 496 584 et
511 526 720 601 pervolutandi,
733 536 763 583 et
775 524 914 583 exercita·

43 696 44 699 Ἴ
122 626 212 683 tionis
234 626 322 681 causi
342 624 488 693 laudandi,
508 621 724 697 interpretandi,
739 620 912 697 corrigendi,

123 722 315 797 vituperandi,
333 720 497 788 refellendi;
519 719 779 793 disputandumque
799 719 835 775 de
854 736 913 776 orn-

123 818 156 874 ni
176 838 208 875 re
229 818 258 873 in
280 817 438 874 contrarias
465 825 570 891 partes,
591 826 629 885 et,
650 815 787 890 quidquid
808 815 862 871 erit
883 815 943 871 inb

124 916 239 988 quiaque
253 932 294 984 re,
309 914 385 988 quod
406 912 554 988 probabile
568 911 658 969 videri
678 911 778 986 possit,
796 911 914 968 elicien-

123 1011 194 1067 dum
210 1020 294 1083 atque
307 1010 479 1067 dicendum·
511 1008 737 1065 Perdiseendum
755 1008 802 1083 jus
818 1007 912 1079 eivile,

123 1106 337 1182 cognoscenda
359 1106 446 1182 leges,
467 1105 655 1181 percipienda
674 1105 770 1161 omnis
792 1104 914 1179 antiqui·

124 1214 180 1272 tas,
195 1201 339 1259 senatoria
358 1199 549 1271 consuetudo,
564 1200 717 1275 disciplina
736 1200 912 1275 reipublice,

121 1297 190 1374 jura
208 1296 362 1368 sociorum,
377 1296 493 1368 foedera,
513 1296 673 1372 pactiones,
693 1314 782 1354 eausa
802 1296 912 1372 imperii
928 1301 960 1351 1⁰

125 1393 330 1470 cognoscenda
348 1403 408 1449 est:
429 1392 563 1449 libandus
582 1392 667 1449 etiam
682 1411 718 1449 ex
731 1392 810 1449 omni
827 1410 914 1470 gene·

125 1508 158 1547 re
184 1489 354 1559 urbanitatis
381 1488 548 1546 facetiarum
577 1488 693 1564 quidam
727 1488 817 1564 lepos,
844 1506 911 1564 quo,

125 1596 261 1661 tauquam
282 1586 351 1656 sale,
371 1595 570 1661 perspergatur
594 1583 688 1641 omnis
709 1584 810 1643 oratio.
863 1584 914 1642 Et

127 1682 187 1738 sudi
203 1681 282 1738 vobis
302 1680 407 1752 omnia,
422 1700 484 1755 quae
505 1680 674 1750 sentiebam,
695 1698 759 1753 quar
783 1680 912 1751 fortasse,

125 1796 336 1852 quemcumque
355 1774 590 1851 patremfamilias
610 1774 801 1850 arripuissetis
814 1793 851 1831 ex
865 1774 914 1832 ali·
929 1786 960 1833 15

125 1892 186 1947 quo
199 1872 319 1945 circulo,
334 1873 434 1931 eadem
448 1871 529 1929 vobis
548 1870 784 1947 pereontantibus
799 1888 915 1947 respon·

126 1968 224 2027 disset.

165 2160 295 2219 XXXV.
317 2160 391 2219 Haee
404 2178 471 2217 eum
490 2160 613 2217 Crassus
625 2159 753 2231 dixisset,
768 2160 913 2218 silentium

126 2269 171 2317 est
191 2266 388 2315 eonseeutum.
439 2257 498 2313 Sed
517 2276 679 2332 quanquam
707 2257 776 2315 satis
798 2258 843 2328 iis,
864 2258 913 2332 qui
947 2292 955 2313 r

128 2354 255 2424 aderant,
284 2353 317 2410 ad
347 2353 375 2410 id
402 2352 477 2427 quod
505 2363 567 2410 erat
592 2354 779 2429 propositum,
803 2355 912 2411 dietum
928 2368 960 2417 ω

129 2450 285 2520 uidebatur,
301 2460 395 2506 tamen
416 2449 579 2506 sentiebant
599 2449 722 2508 celerius
735 2468 799 2507 esse
812 2450 912 2521 multo,

129 2538 212 2623 quam
247 2548 300 2622 ipsi
335 2547 448 2618 vellent,
477 2548 513 2605 ab
540 2565 575 2604 eo
606 2558 779 2624 peroratum.
833 2548 912 2606 Tum

129 2643 267 2715 scevola,
281 2643 363 2706 Quid
383 2654 436 2715 est,
451 2643 558 2702 Cottal
578 2643 680 2719 inquit,
700 2644 768 2719 quid
790 2646 913 2704 taeetisl

128 2740 237 2797 nihilne
251 2739 332 2797 robis
351 2740 381 2796 in
402 2750 527 2797 mentem
548 2740 636 2811 venit,
651 2740 726 2817 quud
745 2753 914 2816 praetereas

129 2837 234 2893 Crasso
248 2836 419 2911 requiratisl
468 2836 563 2894 Immo
577 2836 607 2893 id
621 2837 795 2908 mebereule,
810 2838 913 2913 inquit,
927 2849 960 2897 25

129 2933 221 3009 ipsum
246 2933 378 2991 attendo:
405 2942 502 2990 tantus
528 2932 608 2989 eninr
634 2950 736 2991 aursus
761 2934 913 2989 verborum

129 3029 192 3103 luit,
214 3018 245 3091 et
267 3028 312 3088 sin
334 3028 458 3089 evolavit
481 3028 585 3100 oratio,
608 3028 726 3104 atejus
748 3028 805 3087 vim
828 3038 913 3101 atque
