2109 3417
129 261 169 342 86
448 291 491 337 ns
512 259 675 337 omnum.
806 362 809 368 ι
887 287 963 347 [ω.

173 440 216 498 uti
235 439 325 516 possit
344 439 374 497 in
395 439 490 496 causis
510 437 671 496 forensibus
692 446 776 511 atque
799 437 962 495 communi·

173 537 234 595 bus.
276 536 364 592 Hunc
378 554 433 612 ego
449 535 559 610 appello
578 544 729 604 oratorem,
750 551 871 606 eumque
893 549 961 589 esse

173 642 311 708 praeteree
330 631 500 689 instructum
521 647 603 700 voce,
624 638 653 686 et
674 629 797 698 actione,
811 638 841 686 et
859 627 960 704 lepore

173 728 306 804 quodam,
327 727 398 784 volo.
439 726 561 783 Crassus
582 744 649 782 vero
671 724 742 781 mihi
763 735 859 782 noster
879 724 960 783 visus

144 831 216 882 best
235 823 356 881 oratoris
376 823 540 880 facultatem
561 840 618 879 non
639 821 715 879 illius
736 821 803 879 artis
816 819 959 893 terminis,

173 921 223 978 sed
244 919 351 998 ingenii
372 919 416 976 sui
436 919 551 990 linibus,
573 918 718 976 immensis
739 935 830 993 paene,
851 916 960 975 descri-

173 1017 257 1074 bere:
290 1035 356 1073 nam
387 1027 416 1073 et
449 1015 597 1073 civitatum
630 1014 818 1090 regendarum
850 1014 958 1072 oratori

172 1113 367 1190 gubemucule
387 1113 529 1170 sententiis
549 1112 602 1168 sut
623 1109 755 1180 tradidit3
779 1109 809 1168 in
830 1129 886 1185 quo
904 1129 957 1185 per

171 1209 243 1266 mihi
264 1209 365 1265 mirum
379 1209 471 1266 visum
491 1219 543 1279 est,
559 1208 697 1278 Scaevola,
711 1217 740 1264 te
754 1207 810 1264 hoc
830 1205 871 1265 illi
889 1225 958 1264 con·

129 1314 160 1362 10
174 1306 293 1374 cedere;
328 1324 394 1362 cum
421 1305 576 1381 sepissime
603 1304 655 1362 tibi
682 1314 808 1374 senatus,
833 1303 958 1362 breviter

174 1401 353 1476 impoliteque
373 1400 492 1472 dicenti,
508 1400 638 1457 maximis
658 1399 695 1456 sit
714 1399 750 1455 de
764 1399 849 1457 rebus
863 1417 958 1456 essen-

172 1517 230 1555 sus.
271 1496 312 1553 Μ.
337 1515 405 1553 vero
432 1497 569 1567 Scaurus,
592 1515 675 1570 quem
702 1514 759 1552 non
785 1495 871 1571 longe
898 1495 957 1552 ruri

174 1594 248 1670 apud
276 1613 306 1651 se
334 1613 396 1650 esse
429 1593 524 1662 eudio,
551 1594 592 1648 vir
626 1591 757 1668 regende
790 1589 957 1666 reipublice

175 1691 391 1763 scientissimus,
425 1690 449 1747 si
484 1689 613 1759 audierit,
646 1687 721 1745 hanc
759 1687 956 1745 auctoritatem

130 1802 161 1851 15
174 1788 320 1865 gravitatis
340 1797 368 1844 et
389 1786 502 1844 consilii
522 1785 567 1841 sui
586 1783 725 1841 vindicari
746 1803 763 1841 e
782 1793 821 1854 te,
842 1783 955 1855 Crasse,

175 1885 249 1960 quod
276 1903 340 1941 eam
367 1885 488 1941 oratoris
513 1881 655 1958 propriam
683 1898 746 1936 esse
772 1878 868 1950 dicss3
896 1879 956 1956 jam

176 1981 289 2059 (credo)
303 1981 360 2037 huc
372 1980 475 2050 veniat,
487 1989 516 2034 et
526 1981 601 2035 hanc
614 1976 815 2051 loquacitatem
829 1986 955 2033 nostram

174 2075 252 2131 vultu
280 2075 341 2150 ipso
368 2084 542 2149 aspectuque
574 2081 751 2130 conterreat:
788 2070 837 2145 qui
869 2089 956 2145 quun·

175 2189 258 2245 quam
286 2179 329 2226 est
356 2169 385 2225 in
413 2167 537 2225 dicendo
570 2169 688 2224 minime
720 2165 954 2237 contemnendus,

130 2264 326 2342 mprudeutifs
338 2276 435 2322 tumen
456 2281 550 2319 rerum
572 2281 738 2340 magnarum
759 2263 850 2338 magis
871 2279 956 2336 quam

176 2362 293 2419 dicendi
305 2371 366 2420 erte
378 2359 486 2416 nititur.
526 2357 631 2432 Neque
643 2376 720 2428 vero,
736 2357 759 2414 si
774 2357 837 2432 quis
851 2367 957 2414 utrum·

176 2475 230 2533 que
252 2467 355 2533 potest,
381 2465 429 2512 aut
452 2452 500 2511 ille
523 2453 636 2511 consilii
659 2451 768 2529 publici
791 2464 900 2523 auctor,
923 2470 956 2509 sc

177 2563 289 2610 senator
303 2551 406 2622 bonus,
421 2551 458 2608 ob
472 2569 535 2607 eam
551 2549 639 2625 ipsam
654 2567 769 2606 causam
788 2557 883 2605 orator
897 2558 940 2605 est
948 2568 955 2618 ;

177 2660 225 2708 tut
245 2649 294 2707 hic
315 2648 437 2705 disertus
459 2657 542 2721 atque
564 2645 706 2721 eloquens,
728 2643 753 2702 si
774 2654 817 2701 est
837 2644 912 2702 idem
927 2643 957 2701 iu

131 2767 163 2819 ᾖ
175 2744 377 2822 procuratione
398 2743 521 2801 civitatis
548 2743 690 2820 egreglus,
711 2740 787 2798 illam
808 2739 958 2798 scientiam

177 2841 293 2899 dicendi
313 2839 397 2916 cupid
417 2849 461 2897 est
480 2848 662 2896 consecutus.
702 2835 825 2895 Multum
840 2835 913 2894 inter
927 2853 959 2892 se

178 2937 284 2996 distent
304 2935 364 2992 istm
391 2934 551 3004 facultates,
571 2931 712 3007 longeque
738 2940 804 2989 sunt
830 2931 960 3003 diverse,

181 3044 265 3110 utque
291 3028 444 3107 sejuncte3
474 3046 570 3106 neque
593 3026 694 3085 eudem
719 3025 830 3086 ratione
856 3045 891 3088 sc
913 3026 962 3086 vit
