2109 3417
88 243 111 303 Β
411 257 454 303 nu
476 256 639 303 onaronu.
724 247 727 262 ¹
849 255 920 316 [nr.

136 403 318 463 constitisset.
356 404 456 467 Quam
471 424 550 481 spem
564 404 771 482 cogitationum
795 412 825 462 et
847 423 917 463 con·

135 499 264 557 siliorum
285 519 423 573 meorum,
439 520 505 558 oum
525 519 626 577 graves
639 499 835 561 communium
848 511 922 559 tem·

135 614 246 671 porum,
257 606 317 653 turn
332 596 400 654 varii
416 596 507 655 nostri
521 594 605 654 casus
619 596 789 657 fefellerunt.
829 596 917 670 Nam,

134 691 182 766 qui
209 692 291 749 loeus
317 692 422 767 quietis
445 701 474 749 et
499 692 710 767 tranquillitatis
735 687 920 768 plenissimus

104 792 121 840 5
135 787 198 845 sore
209 788 367 859 videbatur,
383 788 412 845 in
426 806 462 845 eo
476 788 606 845 maximae
619 788 709 845 moles
722 788 918 846 molestiarum

134 892 163 940 et
176 883 427 943 turbulentissimae
441 893 624 959 tempestates
642 883 818 941 exstiterunt.
859 884 920 943 Ne·

134 999 190 1054 que
212 999 278 1037 vero
298 980 381 1038 nobis
405 980 588 1056 cupientibus
608 989 692 1055 atque
718 981 920 1056 exoptantibus

135 1076 244 1133 fructus
270 1076 322 1134 otii
349 1077 432 1134 datus
458 1086 510 1149 est,
534 1077 570 1133 ad
593 1096 642 1135 eas
666 1087 750 1147 artes,
774 1077 877 1152 quibus
901 1096 921 1135 a

133 1172 230 1247 pueris
250 1172 339 1230 dediti
360 1173 474 1245 fuimus,
496 1173 691 1244 celebrandas,
712 1173 786 1229 inter
809 1191 920 1248 nosque

89 1273 120 1324 10
134 1267 308 1325 recolendas.
361 1267 391 1325 N
395 1287 439 1325 arn
465 1268 557 1343 primi
590 1278 673 1325 aetate
706 1268 861 1327 incidimus
887 1267 918 1326 in

134 1362 225 1439 ipsam
238 1365 480 1439 perturbationem
495 1364 653 1440 disciplinae
667 1364 771 1422 veteris
779 1385 787 1436 ;
808 1375 837 1423 et
851 1384 920 1423 oon·

134 1460 228 1519 sulatu
255 1461 421 1518 devenimus
447 1460 477 1517 in
504 1460 632 1517 medium
658 1479 754 1518 rerum
787 1462 917 1519 omnium

135 1565 280 1613 certarnen
298 1566 382 1633 atque
402 1556 572 1627 discrimem
594 1567 623 1614 et
636 1557 692 1615 boo
706 1567 818 1633 tempus
831 1576 919 1616 omne

133 1662 198 1727 post
218 1654 398 1711 consulatum
413 1653 571 1731 objecimus
585 1653 621 1710 iis
634 1653 778 1726 fluetibus,
793 1654 851 1730 qui,
865 1673 918 1729 per

88 1758 120 1806 15
134 1768 185 1807 nos
210 1768 226 1808 a
247 1750 395 1809 communi
420 1760 500 1826 peste
527 1750 648 1827 depulsi,
673 1749 703 1808 in
729 1751 918 1826 nosmetipsos

134 1846 338 1904 redundarunt.
380 1846 438 1903 Sed
460 1856 556 1903 tamen
580 1847 610 1904 in
631 1846 676 1904 his
695 1846 740 1903 vel
761 1845 918 1923 asperitati·

134 1940 187 1999 bus
220 1960 325 2014 rerum,
358 1942 404 2000 vel
439 1943 577 2021 angustiis
609 1942 755 2017 temporis,
777 1943 917 2017 obsequar

134 2036 236 2093 studiis
268 2038 389 2108 nostris3
424 2047 462 2109 et,
488 2048 626 2113 quantum
660 2036 730 2093 mihi
762 2037 805 2094 vel
839 2038 918 2095 fraus

134 2130 327 2203 inimieorum,
340 2133 384 2190 vel
399 2152 492 2191 oausoe
514 2132 681 2202 amicorum,
695 2131 740 2189 vel
754 2133 918 2207 respublica

7 2222 8 2241 *
87 2238 119 2289 20
133 2226 239 2284 tribuet
251 2227 313 2299 otii,
326 2228 361 2285 ad
372 2227 555 2285 scribendum
568 2227 746 2303 potissimum
760 2228 914 2288 conferam.

33 2369 34 2372 ,
133 2321 204 2380 Tibi
224 2341 299 2395 vero,
321 2323 416 2395 frater,
437 2342 530 2398 neque
556 2322 681 2380 hortanti
705 2323 801 2397 deero,
821 2342 917 2400 neque

133 2418 263 2495 roganti:
290 2436 357 2475 narn
377 2436 470 2493 neque
491 2418 661 2477 auctoritate
681 2418 821 2494 quispiam
841 2420 916 2497 apud

133 2529 180 2571 me
193 2514 257 2591 plus
271 2514 365 2571 valere
377 2524 407 2571 te
420 2523 522 2590 potest,
537 2534 631 2591 neque
643 2515 798 2574 voluntate.

172 2705 211 2765 ΙΙ.
240 2707 287 2765 Ao
306 2707 378 2765 mihi
401 2708 556 2784 repetenda
574 2718 618 2766 est
636 2709 740 2766 veteris
767 2709 916 2788 eujusdam

87 2812 120 2865 25
134 2802 278 2860 memoria
304 2822 364 2861 non
390 2820 460 2861 sane
486 2804 556 2862 satis
578 2805 719 2881 explicata
744 2807 914 2877 recordatio,

135 2898 195 2971 sed,
218 2908 251 2957 ut
274 2899 404 2973 arbitror,
427 2909 491 2977 apta
512 2902 547 2959 ad
571 2901 612 2974 id,
631 2902 708 2976 quod
729 2889 859 2979 requiris,
882 2910 915 2959 ut

135 3000 304 3077 eognosoas,
317 3015 382 3074 que
399 2997 453 3057 riri
472 2998 603 3078 omnium
620 2996 915 3077 eloquentissimielu

1048 2655 1052 2684 l
