2109 3417
105 265 178 326 nr]
389 266 434 312 os
455 265 620 312 onerose.
901 253 940 312 45

111 433 165 472 eus
186 417 310 487 Staseas,
331 415 418 472 homo
436 417 520 475 nobis
540 433 609 472 sane
629 413 785 485 familiaris,
806 423 845 485 et,
864 423 896 470 ut

113 511 188 568 inter
208 512 335 569 homines
354 513 462 588 peritos
482 523 614 569 constare
628 512 720 582 video,
736 511 763 569 in
779 511 828 567 illo
837 529 895 568 sao

111 627 218 683 genere
232 609 359 666 omnium
372 609 515 685 princeps.

149 800 265 858 XXIII.
292 801 390 862 Quem
411 811 453 870 tu,
471 801 572 875 inquit,
589 800 668 871 mihi,
685 799 810 870 Mucius,
832 801 894 856 Sta·

110 916 199 968 seam,
221 916 305 972 quern
332 897 550 972 peripateticum
578 899 696 954 narrasl
744 897 924 954 Gerendus5

111 1003 155 1050 est
180 993 233 1050 tibi
261 1012 323 1050 mos
350 993 587 1064 adolescentibus,
610 994 730 1050 Crasse:
758 993 807 1067 qui
835 1011 892 1050 non

110 1089 206 1146 Graeei
235 1089 354 1165 alicujus
381 1089 575 1164 quotidianam
602 1091 808 1164 loquacitatem
831 1089 893 1148 sine

112 1204 175 1255 usu,
190 1205 282 1260 neque
297 1205 332 1242 ex
347 1186 455 1242 scholis
476 1187 648 1242 cantilenam
670 1186 827 1260 requirunt,
843 1185 893 1242 sed

110 1299 148 1336 err
160 1281 275 1338 homine
289 1283 417 1339 omnium
437 1281 647 1357 sapientissimo
663 1293 746 1356 utque
760 1283 893 1357 eloquen-

111 1377 231 1448 tissImo,
247 1389 330 1453 atque
350 1398 386 1436 ex
405 1397 451 1449 eo,
467 1378 516 1452 qui
536 1397 595 1435 non
617 1379 646 1434 in
666 1379 780 1444 libellis,
795 1378 845 1434 sed
861 1378 890 1434 ln
909 1387 939 1436 10

111 1473 241 1530 maximis
262 1475 365 1546 causis,
387 1475 464 1531 etin
486 1475 542 1530 hoo
563 1474 711 1531 domicilio
733 1472 843 1550 imperii
864 1485 894 1532 et

110 1570 218 1646 gloriae,
242 1570 280 1626 sit
306 1571 428 1627 oonsilio
455 1570 610 1645 liugulque
637 1571 781 1644 princepe,
812 1571 894 1645 eujus

110 1665 231 1742 vestigia
244 1667 375 1741 persequi
390 1665 519 1740 eupiunt,
535 1666 595 1740 ejus
611 1666 781 1722 sententiam
796 1665 894 1722 soisoi·

110 1771 215 1818 tantur.
269 1761 413 1835 Equidem
433 1772 462 1817 te
483 1780 551 1818 oum
575 1761 605 1818 ln
632 1760 756 1816 dicendo
784 1779 895 1836 semper
955 1779 963 1790 ‘

109 1856 208 1932 putavi
227 1856 332 1927 Deum,
346 1867 406 1913 tum
420 1875 486 1914 vero
499 1856 553 1914 tibi
567 1873 710 1930 nunquam
725 1856 895 1931 eloquentiae
910 1867 941 1915 15

111 1952 248 2028 majorem
266 1952 352 2010 tribui
373 1951 496 2022 laudem,
511 1971 595 2026 quarn
617 1952 817 2009 humanitatis:
839 1954 894 2027 qud

110 2067 190 2106 nune
211 2058 239 2104 te
260 2048 302 2106 uti
322 2049 366 2104 vel
387 2048 509 2104 maxime
531 2047 623 2118 decet,
645 2064 738 2121 neque
759 2048 894 2124 defugere

108 2163 174 2201 eam
196 2144 427 2219 disputationem,
443 2143 478 2200 ad
496 2162 580 2218 quarn
602 2154 629 2200 te
650 2144 707 2203 duo
728 2141 893 2202 excellentis

110 2241 221 2316 ingenii
236 2241 432 2297 adolescentes
446 2241 565 2314 cupiunt
581 2240 726 2297 accedere.

151 2335 214 2411 Ego
234 2355 310 2406 vero,
325 2335 426 2410 inquit,
447 2335 507 2392 istis
528 2336 646 2410 obsequi
667 2335 778 2407 studeo,
800 2356 893 2413 neque
907 2349 939 2398 20

111 2432 250 2506 gravabor
270 2433 391 2488 breviter
412 2449 476 2486 meo
496 2449 585 2502 more,
600 2433 666 2506 quid
687 2433 799 2507 quiaque
812 2434 848 2489 de
862 2451 893 2490 re

111 2525 244 2595 seutiam,
266 2527 371 2584 dicere.
426 2527 472 2583 Ae
498 2527 620 2602 primurn
647 2527 717 2584 illud
745 2527 893 2604 (quoniam

112 2621 310 2678 auctoritatem
331 2633 410 2680 tuam
429 2623 584 2699 negligere,
606 2624 743 2695 Scaevola,
761 2625 803 2681 fas
823 2625 893 2682 mihi

110 2735 176 2774 esse
203 2735 261 2774 non
286 2720 369 2796 puto)
403 2721 570 2794 respondeo,
597 2719 668 2776 milri
702 2720 818 2777 dicendi
846 2730 894 2777 aut

109 2813 220 2871 nullam
242 2824 330 2870 artem
351 2825 399 2871 aut
418 2826 585 2890 pertenuem
602 2815 701 2885 videri,
716 2816 765 2872 sed
780 2833 892 2872 ornnem
907 2827 939 2875 aa

107 2927 174 2966 esse
188 2910 402 2968 contentionem
420 2911 494 2968 inter
513 2910 645 2966 homines
659 2911 758 2968 dootos
773 2911 801 2966 in
816 2911 895 2965 verbi

108 3006 307 3065 controversie
326 3006 457 3084 positam.
498 3006 528 3063 N
532 3023 577 3063 arn
597 3005 622 3062 si
639 3025 683 3062 ars
697 3005 737 3064 ita
751 3004 894 3069 definitur,
