2109 3417
123 283 205 344 nn]
395 285 449 337 ,nn
472 283 633 361 carrona.
898 272 953 331 119

122 432 245 509 sophum
264 449 364 490 omnes
383 433 529 492 unctionis
550 433 638 491 csusd
659 431 839 508 relinquunt:
867 430 906 490 its

123 527 295 586 levissimam
328 529 548 588 delectationem
579 529 761 606 gravissimae,
788 538 820 586 ut
852 527 906 604 ipsi

122 625 229 696 ferunt,
244 625 359 682 utilitati
373 635 555 701 anteponunt.
606 623 706 682 Otium
722 635 814 684 autern
830 625 906 700 quod

123 721 199 778 dicis
211 739 284 791 esse,
300 722 454 781 assentior:
475 739 573 778 verum
587 721 638 780 otii
658 721 767 781 fructus
780 730 832 789 est,
846 739 905 780 non

123 817 274 875 contentio
288 818 385 889 animi,
399 819 450 875 sed
463 817 607 875 relaxatio.
919 821 936 872 ὅ

162 1010 214 1067 vl.
246 1011 330 1087 Seps
350 1029 385 1068 ex
407 1029 506 1070 socero
524 1030 589 1068 meo
611 1011 715 1082 audivi,
731 1029 796 1069 cum
819 1011 843 1069 is
863 1010 905 1069 di·

122 1117 213 1178 earet,
233 1125 364 1166 socerum
385 1127 468 1166 suum
488 1109 608 1168 Laelium
628 1127 738 1184 semper
759 1108 817 1166 lere
838 1127 904 1166 oum

122 1203 262 1279 Scipione
281 1204 395 1262 solitum
416 1203 557 1276 rusticari,
574 1223 679 1280 eosque
700 1205 905 1262 incredibiliter

122 1317 325 1375 repuerascere
344 1318 407 1358 esse
426 1301 533 1370 solitos,
554 1319 619 1357 cum
641 1319 688 1356 rus
700 1318 737 1357 ex
751 1301 830 1373 urbe,
845 1311 904 1358 tan·

121 1413 209 1470 quam
241 1415 259 1453 e
291 1397 422 1470 vinealia,
455 1397 650 1455 evolavissent.
710 1396 778 1454 Non
813 1397 904 1454 audeo
919 1397 951 1447 1⁰

121 1492 221 1549 dicere
240 1493 278 1550 de
296 1493 401 1550 talibus
421 1493 497 1565 siris,
512 1494 562 1550 sed
584 1504 679 1550 tamen
701 1493 740 1550 ita
755 1494 828 1551 solet
840 1513 904 1552 nar·

121 1607 186 1645 rare
205 1589 343 1661 Scaevola,
357 1589 483 1647 conchas
503 1607 554 1647 eos
566 1599 595 1646 et
609 1589 759 1647 umbilicos
774 1590 808 1646 ad
822 1590 905 1646 Caie-

120 1695 181 1742 tam
205 1695 234 1743 et
256 1685 290 1742 ad
312 1685 486 1744 Laurentum
510 1686 606 1762 legere
630 1685 793 1756 consuesse,
816 1695 845 1742 et
868 1685 914 1742 ad*

121 1799 238 1838 omnem
253 1781 339 1839 animi
350 1781 545 1839 remissionem
557 1781 711 1856 ludumque
721 1781 903 1838 descendere.

121 1876 175 1932 Sic
203 1875 280 1933 enim
306 1895 338 1932 se
363 1895 409 1933 res
435 1876 536 1933 habet:
574 1873 631 1955 [ut]
667 1874 904 1949 quemadmodum
921 1877 951 1926 15

121 1972 255 2029 volucres
274 1971 412 2043 ridemus,
431 1971 638 2048 procreationis
666 1981 748 2046 atque
776 1971 904 2029 utilitatis

121 2086 182 2125 sure
203 2067 299 2138 causi,
317 2066 424 2143 lingere
443 2076 473 2124 et
492 2076 658 2124 construere
678 2065 769 2138 nidos,
789 2066 905 2124 easdem

121 2174 319 2234 autemeam
348 2163 453 2238 aliquid
479 2163 636 2233 effecerint,
660 2163 772 2222 levandi
799 2163 904 2222 laboris

120 2260 167 2317 sui
188 2260 285 2329 causd,
306 2260 410 2335 passim
431 2278 465 2316 ac
485 2259 575 2318 libere
601 2259 707 2316 solutas
733 2278 818 2336 opere
838 2259 905 2318 voli·

120 2367 199 2426 tare3
221 2356 265 2413 sio
283 2355 373 2412 nostri
395 2355 482 2412 animi
506 2355 667 2414 forensibus
682 2356 806 2432 negotiis
820 2367 904 2432 atque
918 2362 951 2413 2⁰

121 2451 232 2508 urbano
257 2469 345 2525 opere
371 2450 484 2520 defessi,
507 2450 634 2526 gestiunt
659 2468 692 2508 ac
717 2450 833 2508 volitare
857 2470 905 2510 cu·

120 2544 214 2622 piunt,
236 2544 319 2602 vacui
340 2544 411 2601 curi
438 2554 522 2631 atque
547 2544 653 2602 labore.
702 2543 803 2618 Itaque
824 2544 904 2613 illud,

121 2640 198 2716 quod
219 2658 274 2718 ego
295 2639 324 2698 in
345 2639 432 2710 causa
451 2639 580 2697 Curiana
600 2639 736 2698 Scaevolae
757 2638 825 2710 dixi,
846 2659 905 2700 non

119 2736 180 2795 dixi
208 2754 301 2807 secus,
330 2755 363 2795 ac
389 2736 555 2794 sentiebam.
613 2735 689 2793 Nam
717 2735 751 2808 si,
779 2725 905 2810 inquam,

118 2829 261 2903 scaevola,
275 2832 387 2890 nullum
406 2832 461 2889 erit
479 2841 680 2890 testamentum
695 2842 774 2890 recte
788 2832 904 2903 sactum,
919 2842 951 2891 m

117 2928 176 2986 nisi
197 2929 275 3004 qood
293 2939 325 2986 tu
345 2929 502 3004 scripseris,
515 2946 616 2986 omnes
637 2928 671 2984 ad
693 2938 721 2985 te
742 2928 818 2986 cives
839 2947 905 2985 cum

118 3022 538 3098 tabulisveniemus,omuiu1n
559 3009 729 3082 testamenta
748 3033 779 3082 tu
797 3022 906 3080 scribes
