2109 3417
115 261 172 322 128
431 269 474 316 uu
495 269 658 316 carrona.
858 261 943 330 [arr

109 453 112 459 »
157 435 224 486 suae,
239 434 324 491 quam
344 428 445 476 contra
464 418 603 495 collegam
625 435 726 476 censor
740 417 849 490 habuit,
864 417 942 496 prin·

157 513 234 588 cipio
254 513 334 585 dixit,
356 515 459 575 “Quae
478 516 581 572 naturai
602 524 650 572 aut
671 514 783 572 fortune
804 515 941 574 darentur

157 609 329 679 hominibus,
352 611 381 668 iu
404 613 439 668 iis
465 613 550 669 rebus
577 631 608 668 se
629 611 705 668 viuci
732 629 815 686 posse
843 612 941 669 auimo

156 724 238 780 equo
252 707 326 782 pati:
347 727 409 782 quae
424 709 477 783 ipsi
491 709 545 764 sibi
560 707 690 764 homines
703 725 803 782 parare
813 720 939 782 possent,

126 811 143 859 5
157 802 185 858 in
202 803 235 859 iis
249 805 334 860 rebus
347 822 378 860 se
392 804 450 879 pati
463 804 540 860 vinci
556 822 615 860 non
635 821 718 878 posse
727 804 758 872 ;’'
780 803 828 878 qui
843 803 941 860 lauda·

156 899 198 956 bit
223 900 394 975 quempiam,
422 900 570 976 intelliget,
597 899 766 975 exponenda
791 898 846 956 sibi
875 917 939 956 esse

157 995 277 1053 fortunae
298 997 379 1054 bona.
421 995 465 1052 Ea
483 1005 559 1066 sunt,
580 995 703 1072 generis,
720 995 861 1072 pecuniae,
876 1013 949 1070 pro·-

155 1093 335 1168 pinquorum,
350 1092 516 1162 amicorum,
531 1111 627 1166 opum,
638 1091 818 1162 valetudinis,
830 1091 939 1162 forme,

157 1189 267 1260 virium,
289 1188 407 1265 ingenii,
428 1199 644 1262 ceterarumque
664 1207 768 1259 rerum,
790 1207 852 1262 quse
872 1198 940 1246 sunt

111 1296 142 1345 10
158 1295 206 1342 aut
220 1286 354 1360 corporis,
370 1294 417 1340 aut
431 1293 589 1340 extraneae:
611 1284 634 1340 si
652 1283 791 1355 habuerit,
806 1284 879 1341 bene
894 1284 939 1341 his

157 1401 256 1438 usum:
283 1381 306 1438 si
328 1399 385 1436 uon
413 1380 553 1450 habuerit,
575 1379 717 1456 sapienter
744 1380 886 1437 caruisse:
913 1379 939 1438 si

158 1477 292 1547 amiserit,
319 1476 465 1533 moderate
492 1477 599 1533 tulisse.
650 1475 773 1546 Deinde,
801 1476 867 1552 quid
896 1495 940 1533 sa·

155 1574 265 1649 pienter
294 1574 328 1645 is,
349 1593 433 1648 quem
459 1572 565 1644 laudet,
590 1572 658 1647 quid
684 1571 847 1642 liberaliter,
868 1571 938 1646 quid

156 1671 275 1741 sortiter,
297 1670 365 1744 quid
388 1671 474 1746 juste,
500 1669 567 1744 quid
595 1668 758 1744 magnifice,
785 1667 852 1743 quid
879 1668 937 1743 pie,

111 1777 142 1824 15
156 1767 221 1841 quid
242 1776 332 1842 grate,
353 1765 421 1840 quid
448 1764 626 1834 humaniter,
639 1763 705 1838 quid
726 1762 850 1838 denique
870 1781 938 1822 cum

157 1863 250 1938 aliqud
271 1863 374 1919 virtute
401 1872 450 1918 aut
471 1860 572 1917 fecerit
592 1870 640 1916 aut
660 1858 765 1917 tulerit
806 1859 889 1932 Haec,
908 1871 939 1919 et

156 1977 218 2032 quae
242 1957 298 2014 sint
322 1958 383 2032 ejus
403 1957 525 2032 generis,
548 1955 631 2013 facile
655 1954 771 2026 videbit,
792 1955 840 2030 qui
861 1956 939 2015 volet

155 2054 272 2111 laudare
292 2053 469 2127 quempiam
490 2063 519 2109 et
532 2051 580 2127 qui
600 2048 768 2126 vituperare,
784 2053 937 2112 contraria.

155 2149 215 2206 Cur
236 2149 322 2225 igitur
350 2149 472 2218 dubitas,
494 2147 586 2222 inquit
613 2147 743 2218 CatuluS,
764 2147 859 2206 lacere
880 2148 939 2206 hoc

109 2256 141 2306 20
155 2245 268 2300 tertium
282 2263 383 2320 genus,
398 2244 531 2318 quoniam
552 2243 625 2300 inest
645 2242 674 2298 in
695 2243 806 2300 ratione
821 2247 937 2302 reruml

155 2357 213 2397 non
234 2339 320 2410 enim,
335 2339 359 2396 si
379 2349 422 2396 est
443 2339 564 2410 facilius,
577 2357 614 2395 eo
635 2338 670 2394 de
691 2354 811 2397 numero
824 2359 938 2416 quoque

155 2446 198 2493 est
224 2437 442 2512 excerpendum.
495 2437 576 2498 Quia
601 2436 679 2506 nolo,
704 2435 807 2511 inquit,
829 2438 936 2511 omnia,

156 2552 217 2607 quae
250 2533 358 2590 cadunt
390 2533 543 2607 aliquando
570 2533 599 2590 iu
628 2542 780 2605 oratorem,
808 2534 937 2609 quamvis

155 2629 258 2706 exigua
281 2630 347 2701 sint,
370 2647 405 2686 ee
427 2629 471 2686 sic
492 2639 625 2701 tractare,
647 2630 727 2706 quasi
751 2629 822 2688 nihil
846 2631 937 2706 possit

109 2741 141 2791 25
155 2725 213 2782 dici
234 2726 296 2782 siue
316 2726 464 2802 preceptis
483 2726 551 2784 suis.
595 2726 672 2784 Nam
693 2736 721 2783 et
742 2726 936 2786 testimonium

155 2841 230 2898 sepe
248 2822 401 2880 dicendum
422 2832 475 2894 est,
497 2841 531 2880 ac
551 2840 753 2898 nonnunquam
780 2823 865 2880 etiam
891 2843 938 2882 ac·

156 2918 292 2989 curatius,
312 2929 344 2976 ut
363 2917 434 2975 mihi
460 2935 577 2977 necesse
601 2917 654 2976 fuit
673 2917 704 2974 in
725 2919 791 2976 Sex.
812 2916 935 2990 Titium,

156 3015 323 3073 seditiosum
342 3013 435 3072 civem
455 3023 484 3072 et
503 3013 713 3078 turbulentum:
734 3011 883 3090 explicavi,
904 3012 936 3073 in
