2109 3417
109 316 152 374 52
429 330 472 376 nn
493 322 658 375 onnronta.
859 324 901 386 [L.
911 324 944 372 11.

156 492 203 532 me
222 475 401 551 potissimum
415 487 535 552 partem,
549 494 612 552 quae
626 471 747 532 maxima
762 490 944 531 commovere
1041 456 1042 459 ¹

137 600 141 607 ·
158 569 269 626 animos
281 570 428 627 hominum
441 580 543 645 potest,
558 570 683 627 confero.

196 666 315 722 Summa
338 666 460 741 denique
484 667 568 742 hujus
595 666 708 743 generis
735 665 797 722 haeo
819 674 872 736 est,
898 674 941 736 ut,

156 760 181 818 si
201 761 231 817 in
251 746 407 817 refellendo
434 760 594 818 adversario
621 760 727 818 firmior
755 778 817 815 esse
837 761 942 829 oratio,

126 866 240 931 5quam
274 858 303 913 in
336 858 539 914 confirmandis
572 858 677 913 nostris
711 858 806 926 rebus,
836 866 941 931 potest,

156 953 252 1010 omnia
266 953 295 1009 in
309 953 388 1009 illum
403 952 547 1009 conferam
563 953 635 1021 tela;
656 953 700 1008 sin
715 963 814 1009 nostra
827 951 942 1008 facilius

156 1048 280 1122 probari,
304 1068 389 1123 quam
413 1049 461 1106 itta
483 1049 616 1123 redargui
642 1058 771 1123 possunt,
798 1046 942 1103 abduuere

158 1144 268 1201 animoa
292 1163 309 1201 a
331 1144 475 1201 contrariu
501 1143 677 1214 defensione,
702 1153 731 1199 et
754 1142 790 1199 ad
810 1152 942 1199 nostrum

157 1258 245 1295 eonor
259 1239 417 1296 traducere.

113 1348 144 1397 ιο
196 1335 262 1392 Duo
294 1336 418 1409 danique
451 1336 520 1406 illas
537 1355 599 1410 quae
632 1336 770 1393 facillima
797 1335 940 1405 videntur,

159 1431 308 1509 (quoniam
335 1451 397 1506 quae
423 1431 586 1490 diffieiliora
614 1444 690 1504 sunt,
717 1452 776 1489 non
809 1433 939 1509 possum)

157 1528 227 1585 mihi
247 1547 298 1603 pro
318 1546 383 1585 meo
401 1528 465 1604 jure
478 1547 576 1585 sumo:
598 1546 697 1598 unum,
712 1539 744 1585 ut
758 1528 877 1584 molesto
892 1537 941 1583 aut

157 1624 268 1682 difficili
288 1633 465 1700 argumento,
479 1634 529 1681 aut
544 1624 619 1694 ioco,
634 1642 837 1698 nonnunquam
851 1623 942 1679 onini-

157 1739 196 1777 no
216 1721 286 1778 nihil
306 1720 508 1795 respondeam3
522 1720 605 1794 ¹quod
628 1720 745 1776 forsitan
765 1718 866 1793 aliquis
877 1718 942 1795 jure

113 1832 143 1881 15
158 1817 292 1874 irriserit:
313 1817 377 1891 quis
390 1816 466 1873 enirn
481 1826 533 1885 est,
545 1816 594 1890 qni
609 1816 637 1872 id
653 1815 747 1873 faeere
761 1834 819 1871 nou
833 1815 941 1889 possiti

152 1914 209 1969 sed
227 1923 323 1969 tamen
342 1930 399 1988 ego
418 1911 454 1969 de
474 1913 539 1969 met
563 1930 651 1983 nuno,
673 1930 731 1969 non
752 1910 789 1967 de·
809 1910 940 1981 aliorum,

159 2008 293 2066 facultate
329 2007 451 2081 disputo,
489 2008 687 2082 oonfiteorqua
723 2026 779 2078 me,
816 2006 840 2063 si
877 2025 941 2080 quae

156 2113 266 2179 premat
291 2122 337 2159 res
360 2104 565 2174 vehementius,
591 2104 630 2161 ita
657 2104 760 2161 cedere
783 2103 884 2172 solere,
909 2112 942 2160 ut

156 2217 213 2256 non
238 2200 323 2255 modo
347 2196 552 2276 non‘abjeoto,
577 2200 627 2257 sed
651 2218 688 2256 ne
702 2200 810 2275 rejecto
824 2190 941 2272 quidem

111 2312 143 2361 ω
157 2305 249 2366 santo,
270 2295 368 2372 sugere
388 2296 500 2365 videar3
522 2297 572 2352 sed
594 2296 728 2353 adhibere
748 2294 889 2369 quandam
911 2294 941 2349 in

157 2390 281 2449 dicendo
301 2391 426 2465 speciem
448 2402 532 2466 atque
547 2410 690 2467 pompam,
705 2400 733 2447 et
746 2408 849 2466 pugnae
864 2389 942 2446 simi·
1041 2450 1042 2471 p

157 2487 213 2544 lem
227 2487 340 2563 sugam3
362 2488 519 2544 consistere
533 2505 599 2543 vero
614 2486 642 2543 in
657 2504 722 2543 meo
740 2485 873 2561 praesidio
887 2484 941 2555 sio,

157 2593 261 2640 utnon
283 2583 410 2658 fugiendi
432 2584 530 2654 hostis,
546 2585 595 2641 sed
617 2583 749 2659 oapiendi
769 2582 837 2652 looi,
852 2582 943 2639 eausa
1041 2586 1042 2591 ’

157 2680 277 2737 cessisse
304 2680 409 2737 videar.
451 2680 583 2737 Alterum
610 2690 652 2736 est
679 2678 758 2749 illud,
785 2680 859 2753 quod
886 2696 942 2753 ego

111 2790 143 2841 ᾗ
157 2775 263 2832 oratori
282 2776 406 2833 maxime
426 2777 584 2834 cavendum
599 2786 627 2833 et
640 2775 845 2851 providendum
862 2784 942 2849 puto,

157 2872 291 2947 quodque
310 2891 356 2929 me
377 2873 530 2930 sollicitare
550 2890 661 2929 summe
686 2870 775 2927 solet:
803 2887 861 2927 uon
882 2880 943 2927 tam

153 2979 190 3026 ‘ut
208 2969 313 3045 prosim
341 2969 445 3039 causis,
465 2968 611 3025 elaborare
635 2967 725 3037 soleo,
746 2984 831 3041 quam
853 2975 884 3022 ut
905 2984 943 3022 ne

156 3066 226 3151 quid
238 3066 348 3123 obsim:
369 3082 428 3121 non
442 3064 510 3138 quin
526 3063 692 3121 enitendum
707 3065 745 3121 sit
758 3062 787 3119 in
802 3072 941 3137 utruque3
