2109 3417
129 310 168 372 tt
448 318 492 369 oa
514 316 676 369 omroas.
877 320 958 382 [nn

174 457 305 527 oratione
326 468 402 527 aliud
422 469 558 545 excipias,
574 480 656 546 atque
678 468 725 527 ilie
742 468 817 539 vuit;
840 479 870 527 ut
885 470 958 527 Sali-

173 566 268 624 uato‘ri
294 564 447 638 Maximus,
469 584 546 637 oum,
566 566 696 623 Tarento
723 565 837 636 amisso,
861 584 957 623 arcem

172 672 270 721 tamen
290 647 389 719 Liuius
408 661 581 733 retinuisset,
596 662 740 736 multaque
760 679 795 717 ex
808 660 843 717 et
855 660 958 737 praelia

173 758 311 834 praeolara
330 758 454 829 fecisset,
469 776 536 816 oum
552 758 659 832 aliquot
670 765 735 832 post
754 772 843 813 annos
863 755 957 813 Mari·

144 863 238 911 trous
266 853 295 910 id
328 853 463 929 oppidum
496 852 661 929 recepisset,
687 861 855 929 rogaretque
888 870 955 909 eum

173 949 329 1020 Salinator,
343 958 374 1007 ut
388 949 573 1021 meminisset,
584 950 672 1025 operi
686 948 737 1006 sut
751 966 781 1004 se
795 946 955 1004 'Parentum

172 1045 333 1120 recepisse3
348 1044 516 1117 “Quidni’'
528 1045 630 1120 iuquit,
642 1051 661 1079 “
671 1043 869 1101 meminerImi
883 1062 957 1101 nun·

171 1160 258 1216 quam
273 1141 349 1198 enim
363 1142 545 1216 recepissem,
559 1140 614 1198 nisi
627 1150 658 1197 tu
672 1140 872 1216 perdidisses.''

214 1240 289 1297 Sunt
308 1239 393 1297 etiarn
415 1238 463 1296 illa
478 1238 663 1310 subabsurda,
678 1238 727 1294 sed
740 1256 777 1294 eo
790 1238 851 1313 ipso
864 1237 956 1296 nomi·

129 1345 160 1394 10
173 1354 211 1393 ue
225 1354 299 1412 ssepe
313 1334 444 1407 ridicula,
458 1353 517 1392 nou
538 1334 630 1391 solum
650 1333 744 1391 mimir
763 1333 954 1410 perspposita,

170 1432 224 1490 sed
238 1432 323 1490 etiam
338 1431 547 1508 quodammodo
558 1429 661 1487 nobis:

420 1588 522 1603 .....
539 1550 645 1601 “Homo
656 1551 748 1613 fatuus,

205 1633 337 1697 Postquam
347 1648 399 1682 rem
410 1632 498 1682 habere
510 1632 593 1695 ooepit,
603 1638 642 1680 est
652 1637 777 1679 mortuus:
786 1630 802 1655 '⁹

419 1779 521 1795 ·····
538 1744 629 1803 “Quid
640 1750 678 1792 est
689 1743 732 1792 tibi

124 1841 159 1891 15
205 1826 256 1876 Ista
266 1824 394 1875 mulier?”
425 1824 545 1875 “Uxor''
577 1822 936 1895 “Similismediusfidiung’·

173 1936 202 1984 et

218 2024 234 2053 ‘⁶
243 2020 371 2079 Quamdiu
381 2018 411 2070 ad
423 2034 498 2082 aquas
508 2018 565 2081 suit,
576 2032 703 2081 uunquam
713 2022 752 2067 est
762 2017 901 2067 mortuus.”

210 2197 348 2257 LXVIII.
377 2197 478 2254 Genus
497 2196 554 2254 hoo
566 2194 667 2267 levius,
680 2205 719 2267 et,
732 2204 764 2253 ut
777 2194 845 2267 dixi,
860 2194 955 2253 mimi·

172 2314 255 2365 eum;
276 2294 326 2350 sed
340 2293 425 2351 habet
437 2310 642 2369 nonuunquam
657 2290 761 2367 aliquid
775 2291 860 2349 etiam
876 2292 953 2367 apud

124 2401 156 2452 20
171 2409 224 2449 nos
243 2388 311 2461 loci,
331 2398 363 2446 ut
382 2389 425 2446 vel
446 2406 505 2447 nou
531 2387 641 2461 stultus,
661 2388 742 2463 qnasi
768 2386 863 2459 stulte,
884 2405 951 2445 oum

170 2487 229 2545 sale
249 2484 327 2542 dieat
345 2484 467 2559 aliquid:
487 2495 520 2543 ut
533 2485 595 2556 tibi,
609 2483 728 2554 Antoni,
742 2482 869 2556 Manoia,
884 2502 952 2542 oum

171 2579 297 2638 audisset
315 2591 344 2637 te
365 2596 510 2637 censorem
532 2599 548 2638 a
568 2578 608 2636 M.
629 2578 759 2636 Duronio
783 2578 819 2635 de
843 2579 951 2636 ambitu

169 2675 353 2754 postulatum,
380 2676 602 2751 “Aliquando”
633 2672 733 2749 inquit,
761 2673 842 2732 “tibi
868 2684 951 2732 tuum

169 2772 316 2851 negotium
341 2790 425 2850 agere
448 2771 574 2829 lioebItJ'
614 2769 706 2829 Valde
727 2769 790 2828 buo
810 2767 949 2841 ridentur,

122 2882 156 2935 25
170 2879 208 2940 et,
223 2867 349 2940 hercule,
362 2867 470 2940 omnia,
483 2884 545 2943 quae
560 2864 786 2942 sprudentibus‚
800 2863 951 2940 quasi-per

170 2947 424 3024 dissimulationem
452 2962 537 3041 [nou]
566 2960 754 3039 intelligendi,
774 2958 952 3018 subabsurde

170 3061 299 3139 solusque
325 3060 469 3119 dicuutur.
509 3057 554 3117 Ex
579 3074 635 3133 quo
660 3074 766 3135 genere
788 3066 833 3115 est
852 3056 950 3128 etism,
