2109 3417
101 286 177 346 snt]
381 287 435 334 ns
457 287 621 336 omnonn
902 277 942 336 95

100 433 330 492 ille-damnatus
349 446 393 492 est
412 434 520 493 nullam
543 435 627 493 aliam
647 435 685 494 ob
705 433 819 510 culpam
839 432 896 491 nisi

106 541 223 608 propter
237 531 352 589 dicendi
372 532 565 602 inscientiam,
579 543 675 589 tamen
691 550 751 588 ase
765 541 896 606 oportere

102 626 209 688 ,dicunt
228 627 287 703 peti
306 643 450 704 prreoeptn
465 628 602 686 dicendil
641 627 826 688 Quibuscum
840 646 896 704 ego

107 743 165 782 non
185 742 292 800 pugno,
308 735 402 782 utrum
415 726 453 782 sit
466 725 569 782 melius
590 735 638 782 out
652 723 763 780 verius:
784 733 895 781 tantum

107 821 186 890 dioc,
200 830 230 877 et
248 821 325 878 aliud
345 821 415 879 illud
436 840 499 878 esse
520 832 605 896 atque
626 821 692 890 hoc,
707 830 736 877 et
757 821 813 878 hoc
833 820 926 882 sinet

102 917 159 979 ,illo
172 937 315 975 summurn
328 937 392 976 esse
403 938 498 995 posse.

146 1110 210 1170 LV.
240 1111 328 1183 Nem,
342 1111 417 1187 qnod
434 1111 482 1188 jos
502 1112 599 1185 civile,
612 1113 726 1184 Crasse,
739 1122 798 1170 tam
812 1112 896 1168 vehe-

105 1219 219 1266 menter
240 1209 386 1284 emplexus
404 1228 452 1278 es;
481 1209 574 1280 rideo,
596 1209 664 1284 quid
685 1209 795 1285 egeris:
823 1220 895 1279 turn,

100 1324 175 1363 cunr
202 1304 329 1376 dicebas,
356 1305 497 1363 videbam.
549 1305 675 1362 Primum
704 1304 840 1362 Scaevolae
866 1315 895 1362 to

99 1401 253 1482 ⁴[dedisti,]
276 1422 360 1479 quem
384 1421 485 1460 omnes
511 1422 606 1462 amare
634 1404 817 1462 meritissimo
843 1422 895 1478 pro
911 1413 941 1464 1⁰

99 1504 172 1579 ejus
203 1502 308 1570 eximii
341 1503 480 1559 suavitate
507 1502 661 1571 debemus;
696 1502 778 1578 cujus
806 1513 895 1558 artem

107 1617 176 1656 cum
208 1594 366 1656 indotatam
399 1617 462 1655 esse
494 1609 523 1654 et
559 1599 736 1673 incomptam
774 1598 894 1668 videres,

107 1695 260 1751 verborum
280 1713 343 1751 earn
360 1694 427 1752 dote
441 1695 623 1770 locupletdsti
637 1705 665 1751 et
679 1693 796 1750 ornasti.
839 1693 896 1752 De-

13 1769 19 1782 ·
45 1778 49 1784 ²
101 1789 277 1865 inde-qnod
291 1790 321 1848 in
341 1791 377 1848 eti
396 1801 427 1848 tn
448 1791 513 1866 plus
532 1809 625 1865 operae
646 1789 807 1864 laborisque
828 1808 896 1846 con·

63 1880 67 1884 ¹
100 1905 260 1958 -snmserns,
285 1905 352 1944 curn
378 1887 439 1962 ejus
465 1887 553 1944 studii
581 1885 633 1942 tibi
661 1897 689 1942 ct
717 1886 843 1942 hortator
867 1895 896 1942 et
912 1893 943 1942 15

106 1982 244 2058 magister
263 1993 339 2039 esset
359 1982 447 2054 domi,
461 1981 567 2040 veritus
584 2000 623 2052 es,
639 1982 694 2040 nisi
710 1981 791 2038 istam
807 1993 895 2038 artem

103 2079 248 2137 ‚oratione
266 2079 479 2156 exaggerrisses,
506 2097 544 2136 ne
570 2096 685 2154 operam
715 2078 895 2154 perdidisses.

109 2174 169 2231 Sed
188 2193 244 2252 ego
263 2193 301 2232 ne
320 2193 387 2232 curn
408 2174 463 2232 isui
483 2175 598 2248 quidem
620 2185 679 2231 arte
699 2192 805 2251 pugno.
851 2174 895 2232 Sit

105 2289 180 2328 sane
198 2280 287 2341 tanta,
301 2281 437 2345 quantam
457 2280 487 2327 tn
508 2271 585 2328 illam
600 2289 662 2328 esse
677 2271 727 2328 vis.
768 2270 894 2342 Etenim,

103 2366 173 2424 'sine
193 2365 396 2437 controversie,
411 2377 441 2423 et
453 2385 559 2443 magna¹
571 2375 624 2437 est,
638 2377 667 2425 et
687 2367 745 2424 late
764 2351 853 2443 patet,
867 2379 895 2424 et
910 2381 942 2430 uo

102 2462 147 2520 »nd
167 2463 272 2520 multos
290 2463 423 2539 pertinet,
438 2473 467 2520 et
480 2481 593 2520 summo
613 2463 642 2520 in
661 2463 771 2520 bonore
785 2483 896 2539 semper

8 2600 9 2603 η
104 2557 180 2628 ’ῐυίῑ;
208 2568 237 2615 et
257 2558 407 2616 clarissimi
434 2559 513 2616 ciues
532 2559 560 2615 ei
580 2559 675 2616 studio
701 2560 787 2617 etiem
809 2560 896 2617 hodie

108 2664 252 2730 praesunt:
285 2653 335 2712 sed
362 2653 436 2726 ride,
451 2654 565 2726 Crasse,
593 2674 639 2727 ne,
667 2656 736 2712 dum
765 2675 840 2714 noro
867 2667 896 2714 et

110 2741 207 2809 alieno
220 2760 322 2808 ornntu
334 2750 405 2807 velis
417 2768 520 2808 ornare
537 2750 610 2826 juris
628 2751 721 2809 civilis
734 2752 895 2824 scientiam,

109 2863 164 2904 suo
190 2864 304 2922 qnoque
330 2864 404 2917 earn,
431 2864 572 2904 concesso
597 2857 627 2905 et
652 2848 767 2920 tradito,
791 2849 897 2924 spolies
911 2861 943 2910 25

111 2952 196 3018 etque
215 2943 352 3002 denudes.
392 2942 480 3016 Nam,
501 2943 526 3000 si
547 2943 587 3001 its
606 2943 729 3015 diceres,
747 2944 795 3019 qui
813 2945 897 3019 juris-

103 3037 260 3112 consultus
278 3047 363 3113 esset,
376 3054 441 3097 esse
458 3055 527 3096 eum
543 3048 695 3110 oratorem,
710 3037 834 3115 itemque
846 3037 898 3112 qui,
