2109 3417
101 280 168 341 nm
381 278 424 328 mr
446 281 610 329 onumen
892 269 933 330 π

101 430 242 501 rediisset,
263 438 292 488 et
313 430 453 487 amisisset
473 429 549 488 hene
575 428 730 487 civitatem.
781 428 887 491 Quidt

101 524 137 582 de
158 526 300 596 libertate,
323 542 381 599 quo
398 525 540 601 judicium
560 524 675 601 gravius
692 543 756 582 esse
774 525 887 585 nullum

101 631 203 696 potest,
218 640 313 678 nonne
327 640 362 677 ex
376 620 440 697 jure
454 620 533 678 oiviii
545 630 639 695 potest
651 639 715 678 esse
727 621 885 692 eontentio,

33 758 38 769 .
102 736 169 774 cum
190 718 334 791 queritur,
356 718 389 787 is,
411 717 459 791 qui
486 717 596 775 domini
616 717 762 776 voluntate
781 736 886 775 oeneus

100 813 148 882 sit,
163 814 350 884 continuone,
366 832 402 871 en
424 813 473 871 ubi
493 814 614 871 lustrum
635 812 793 885 eonditum,
813 813 915 871 libero

101 910 158 967 sut
197 910 290 980 Quid,
312 910 388 984 quod
409 928 472 981 usu,
494 910 633 968 memorii
654 920 777 985 petrum,
797 911 884 983 venit,

100 1019 132 1064 ut
147 1006 359 1082 paterfamilias,
375 1006 423 1082 qui
437 1025 473 1063 ex
493 1006 635 1082 Hispaniis
656 1007 781 1064 Romam
796 1008 886 1065 venis-

100 1114 155 1174 set,
170 1122 236 1160 oum
258 1122 374 1161 uxorem
393 1114 589 1180 praegnentern
609 1105 639 1160 in
658 1103 808 1179 provinoid
821 1104 886 1161 reli·

100 1200 218 1274 quisset,
234 1198 393 1273 Romaeque
414 1199 529 1256 alterum
551 1200 687 1270 duxisset,
700 1218 794 1274 neque
813 1217 885 1259 nun·

100 1296 173 1353 tium
194 1296 282 1371 priori
302 1296 466 1366 remisisset,
489 1307 673 1371 mortuusque
695 1306 771 1354 esset
798 1297 885 1354 intes·
899 1304 930 1357 lt

100 1402 171 1463 teto,
186 1403 215 1447 et
229 1392 397 1467 enutritque
415 1392 491 1449 filius
509 1401 594 1449 nutus
608 1402 698 1462 esset3
719 1393 885 1450 mediocris·

99 1506 138 1545 ne
171 1503 217 1555 res·
250 1488 280 1545 in
314 1488 537 1545 controversiam
571 1488 695 1545 adduote
719 1490 783 1546 esti
817 1508 883 1547 oum

100 1594 275 1658 quaereretur
295 1584 331 1641 de
354 1584 466 1641 duobus
493 1583 599 1640 oinium
627 1584 778 1658 capitibus,
798 1595 827 1641 et
847 1586 884 1643 de

100 1698 200 1761 puero,
222 1680 271 1756 qui
291 1699 327 1737 ex
346 1680 502 1757 posteriore
523 1690 607 1739 nutus
627 1689 697 1751 eret,
718 1690 747 1736 et
766 1681 803 1737 de
822 1682 884 1756 ejus

101 1787 207 1846 mutre;
236 1796 308 1851 ques,
337 1777 360 1833 si
384 1777 572 1853 judicaretur,
600 1775 686 1832 certis
715 1776 884 1849 quibusdam
899 1782 930 1834 15

100 1873 203 1943 verbis,
225 1890 283 1930 non
310 1872 391 1929 novis
418 1872 535 1947 nuptiis,
556 1870 618 1928 fieri
645 1889 711 1927 cum
738 1872 884 1946 superiore

101 1968 263 2039 divortium,
275 1966 310 2024 in'
319 1967 487 2025 eononbinae
500 1966 597 2023 looum
609 1966 769 2024 duceretur.
810 1967 885 2025 Haeo

101 2065 198 2141 igitur,
213 2064 356 2122 ethorum
376 2064 480 2121 similia
497 2063 562 2138 jure
581 2082 640 2121 suae
660 2062 784 2120 civitatis
804 2064 885 2141 igno·

100 2172 222 2232 nantem,
236 2170 362 2219 ereetum
378 2167 406 2218 et
420 2159 537 2231 celsum,
552 2159 640 2217 alacri
653 2169 683 2217 et
694 2170 822 2237 prompto
834 2179 884 2219 ore

101 2276 135 2315 ao
162 2256 251 2329 vultu,
278 2258 336 2315 huo
373 2266 456 2331 etque
489 2255 558 2315 illue
591 2254 759 2326 intuentem,
787 2258 883 2335 vagari
896 2264 929 2315 w

101 2354 206 2431 magne
221 2371 287 2421 oum
302 2351 416 2411 caterve
429 2360 490 2407 toto
504 2351 577 2421 foro,
590 2351 753 2427 presidium
774 2353 885 2411 clienti·

101 2450 165 2520 bus,
187 2459 270 2524 etque
291 2464 375 2523 opem
396 2446 506 2518 aminis,
527 2458 557 2504 et
575 2466 663 2524 prope
682 2448 796 2505 eunetis
816 2448 884 2507 eivi-

102 2546 155 2603 bus
181 2544 276 2603 luoem
302 2543 410 2623 ingenii
433 2554 462 2600 et
485 2544 599 2601 consilii
622 2545 666 2602 sui
689 2544 883 2622 porrigentem

103 2652 187 2717 etque
210 2640 384 2713 tendentem,
404 2658 500 2697 nonne
526 2640 558 2697 in
584 2642 684 2716 primis
709 2641 882 2719 flagitiosum

100 2737 258 2815 putandum
272 2738 335 2794 esti
428 2739 429 2744 ’
896 2744 929 2794 25

140 2928 219 2989 XLI.
252 2928 290 2987 Et
304 2929 438 3005 quoniam
458 2930 495 2989 de
516 2927 693 3005 impudentis
711 2927 781 2999 dixi,
799 2925 885 2985 eusti-

102 3042 202 3109 pemus
215 3026 302 3087 etiem
315 3026 468 3106 segnitiem
481 3024 632 3089 noudum
644 3033 728 3103 suque
741 3020 881 3083 nenium.

336 3124 356 3186 7
