2109 3417
115 286 185 345 nt]
397 283 441 331 nn
462 279 627 329 onironn.
909 268 948 327 21

116 434 186 492 darn
205 431 421 511 rempublicam,
441 451 511 490 num
531 432 608 508 quod
631 428 802 506 eloquentie
822 426 908 488 vesti·

60 562 65 571 ·
118 530 200 607 glum
214 531 349 606 apparetl
388 528 491 590 Quidl
512 528 622 585 exactis
635 527 761 604 regibus,
777 526 905 602 (tametsi

118 627 209 702 ipsam
229 626 410 683 exactionem
430 636 536 696 mente,
551 642 610 682 non
623 623 734 700 lingui,
747 622 905 698 perfectam

118 723 152 779 L.
173 723 256 781 Bruti
282 741 346 780 esse
373 722 533 801 cernimus)
554 721 605 778 sed
631 721 770 795 deinceps
796 719 903 790 omnia,

118 838 215 877 nonne
228 820 315 895 plena
328 819 523 890 consiliorum,
539 816 638 875 inania
655 816 808 873 verborum
829 815 935 875 vide-5

117 918 202 974 musl
255 916 320 991 Ego
342 934 411 973 vero
438 915 462 971 si
485 915 571 972 velim
597 924 627 971 et
652 923 756 972 nostrae
780 912 905 969 civitatis

119 1012 256 1087 exemplis
277 1012 329 1082 uti,
348 1022 376 1069 et
398 1011 527 1082 aliarum,
548 1010 630 1086 plura
649 1008 777 1085 proferre
796 1008 904 1085 possim

117 1108 290 1166 detrimenta
309 1107 433 1183 publicis
452 1108 548 1178 rebus,
563 1125 648 1182 quam
667 1106 839 1182 adjumenta,
853 1121 905 1180 per

118 1204 250 1263 homiues
265 1203 513 1278 eloquentissimos
530 1203 698 1279 importata:
720 1202 780 1272 sed,
795 1211 827 1260 ut
840 1201 904 1259 reli-

117 1320 176 1377 qua
193 1301 417 1376 pretermittam,
437 1300 565 1359 omnium
585 1300 657 1356 mihi
676 1296 782 1369 videor,
803 1306 951 1374 excep-10

117 1397 166 1470 tis,
180 1397 294 1469 Crasse,
309 1396 388 1468 vpbis
402 1396 513 1469 duobis,
528 1396 775 1472 eloquentissimos
789 1393 903 1453 audisse

117 1492 167 1561 Ti,
195 1503 226 1551 et
251 1493 286 1549 C.
315 1493 509 1569 Sempronius,
544 1511 663 1568 quorum
694 1502 785 1568 pater,
815 1491 903 1548 bomo

117 1590 245 1666 prudens
272 1599 300 1647 et
327 1589 429 1667 gravis,
456 1588 675 1664 haudqualquam
702 1587 849 1663 eloquens,
873 1596 904 1643 et

117 1705 195 1763 sepe
216 1686 295 1759 alias,
314 1696 344 1743 et
363 1686 486 1743 maxime
507 1703 618 1757 censor,
633 1684 717 1741 saluti
737 1682 904 1758 reipublice

119 1784 182 1841 suit.
226 1783 322 1857 Atque
343 1783 368 1841 is
387 1801 445 1840 non
467 1783 603 1839 accurati
623 1781 746 1856 quidam
766 1779 904 1837 orationis
918 1788 949 1837 15

118 1879 213 1954 cupii,
227 1878 276 1937 sed
291 1890 362 1937 nutu
377 1889 462 1954 atque
475 1879 563 1936 verbo
574 1878 722 1936 libertinos
736 1877 766 1933 in
779 1876 904 1933 urbanas

119 1976 211 2033 tribus
237 1976 395 2046 transtulit3
423 1974 502 2049 quod
528 1974 583 2031 nisi
608 1973 731 2044 lecisset,
751 1972 904 2049 rempubli-

120 2092 194 2143 cam,
215 2091 300 2148 quam
321 2090 400 2129 nuuc
421 2072 467 2128 vix
488 2080 628 2141 tenemus,
646 2069 776 2147 jamdiu
796 2070 904 2128 nullam

119 2168 298 2235 haberemus.
339 2167 381 2225 At
400 2178 468 2226 verb
488 2168 550 2244 ejus
568 2166 621 2224 lilii
640 2166 750 2238 diserti,
768 2176 798 2223 et
814 2166 904 2224 omni·

119 2267 173 2323 bus
186 2266 230 2323 rel
246 2275 366 2336 naturae,
381 2265 423 2322 vel
439 2264 584 2321 doctrine
595 2263 737 2338 presidiis
756 2263 791 2320 ed
807 2263 904 2323 dicen·
917 2269 949 2319 m

120 2362 188 2419 dum
208 2362 309 2437 parati,
324 2380 390 2419 cum
410 2361 553 2418 civitatem
567 2360 611 2417 vel
632 2370 752 2436 paterno
770 2359 902 2431 consilio,

121 2458 165 2515 vel
186 2458 268 2515 avitis
289 2458 375 2515 armis
393 2456 621 2515 florentissimam
643 2456 832 2531 accepissent,
848 2455 904 2513 ista

121 2553 257 2629 preclari
284 2552 495 2630 gubernatrice,
522 2562 555 2609 ut
584 2552 635 2623 ais,
662 2552 819 2624 civitatum,
847 2552 905 2611 elc-

121 2650 247 2725 quentia,
261 2648 466 2725 rempublicam
481 2648 698 2725 dissipaverunt.

159 2841 199 2899 X.
220 2840 322 2904 Quidl
342 2840 421 2918 leges
441 2850 560 2913 veteres,
577 2822 728 2916 moresque
747 2841 903 2916 majorum
918 2845 950 2895 25

119 2938 209 3015 quidl
230 2936 368 3013 auspicia,
382 2937 485 3013 quibus
498 2947 526 2995 et
539 2952 595 3014 ego
609 2946 638 2994 et
651 2946 693 3008 tu,
707 2936 821 3009 Crasse,
835 2956 905 2995 curn

120 3035 226 3113 magud
246 3032 412 3109 reipublice
436 3033 527 3091 salute
553 3050 726 3109 praesumam
752 3032 841 3108 quidl
861 3048 904 3087 re-
