2109 3417
115 304 175 366 itt
253 321 256 326 ·
436 317 480 365 nu
500 317 665 364 onaroau.
860 317 963 378 [nnn

161 461 217 526 hac
236 464 302 521 lorti
323 484 358 523 ac
371 465 455 537 virili,
469 485 528 523 non
550 466 586 523 ab
604 464 693 522 scant
708 473 738 522 et
752 464 958 538 histrionibus,

161 561 211 616 sed
233 562 269 617 ab
289 561 384 634 minis,
399 574 448 619 aut
465 563 552 620 etiarn
568 562 736 638 apataesrrs.
779 559 892 618 Manus
911 581 960 620 au·

161 664 217 711 tem
233 656 328 714 minus
347 672 455 734 arguta,
471 658 569 735 digitis
590 659 766 732 subsequens
780 657 880 729 verba,
897 677 957 715 non

160 753 336 827 exprimens:
359 755 507 812 brachium
521 755 668 830 procerius
681 754 853 830 projectum,
871 755 957 830 quasi

130 849 304 922 tquoddam
333 850 422 909 telum
449 851 604 911 orationis:
638 849 783 926 supplosio
809 851 898 926 pedis
925 852 956 908 in

159 945 393 1003 contentionibus
408 959 456 1004 aut
470 947 642 1022 incipiendis
657 957 704 1004 aut
718 946 861 1004 finiendis.

198 1040 257 1097 Sed
285 1041 314 1098 in
340 1054 392 1100 c're
418 1053 485 1101 sunt
507 1044 614 1103 omnia.
656 1044 691 1100 In
712 1061 747 1100 eo
769 1055 866 1101 autem
891 1045 953 1122 ipso

159 1137 322 1195 dominatus
335 1148 379 1195 est
396 1140 491 1196 omnis
508 1140 675 1211 oculorum3
697 1159 753 1215 quo
767 1140 872 1198 melius
888 1161 953 1199 nos·

158 1233 195 1290 tri
209 1233 249 1290 illi
260 1253 356 1308 senes,
366 1235 414 1310 qui
428 1245 611 1312 personatum
626 1255 662 1292 ne
676 1235 820 1294 Roscium
832 1237 951 1312 quidem

112 1340 143 1389 10
158 1347 331 1406 magnopere
357 1331 521 1390 laudabant.
564 1331 664 1389 Animi
691 1342 735 1389 est
752 1333 833 1420 enirn
855 1333 950 1391 omnis

158 1426 244 1499 actio,
265 1438 295 1485 et
315 1427 411 1505 imago
431 1428 519 1487 animi
534 1428 627 1486 vultus
648 1438 700 1500 est,
722 1428 833 1486 indices
852 1430 949 1488 oculi:

157 1541 225 1580 uam
246 1523 308 1581 haec
321 1534 365 1581 est
379 1543 436 1581 una
449 1543 514 1600 pars
527 1524 666 1599 corporis,
680 1543 752 1600 quse,
767 1532 838 1601 quot
859 1524 950 1582 animi

158 1629 254 1678 motus
266 1630 342 1690 sunt,
357 1629 400 1678 tot
414 1619 640 1696 significationes
660 1630 689 1678 et
708 1621 951 1678 commutationes

157 1716 248 1791 possit
266 1716 398 1774 efficere:
431 1734 526 1791 neque
553 1735 621 1774 vero
641 1727 685 1774 est
704 1717 866 1791 quisquam,
889 1718 950 1793 qui,

111 1810 142 1860 15
158 1810 258 1867 eadem
269 1820 420 1882 contuens,
430 1810 546 1868 efficiat.
587 1810 805 1885 Theophrastus
819 1810 950 1885 quidem,

157 1904 333 1963 Tauriscum
352 1906 505 1982 quendam,
519 1905 601 1978 dixit,
617 1917 740 1964 actorem
760 1925 892 1965 aversum
908 1928 950 1967 sc·

156 2000 239 2058 litum
249 2017 312 2059 esse
322 2002 429 2073 dicere,
440 2002 490 2076 qui
501 2001 532 2059 in
544 2003 663 2080 agendo,
675 2011 816 2059 contuens
827 2002 949 2079 aliquid,

156 2096 362 2171 pronuntiaret.
401 2098 504 2161 Quare
518 2099 667 2156 oculorum
676 2107 718 2155 est
732 2117 836 2174 magna
850 2101 951 2158 mode·

157 2191 245 2249 ratio:
267 2211 334 2251 nam
347 2193 406 2251 cris
420 2213 477 2252 non
491 2205 535 2252 est
550 2194 669 2252 nimium
680 2194 815 2252 mutanda
823 2195 949 2270 species,

109 2301 141 2353 m
156 2307 193 2345 ne
214 2299 263 2345 aut
284 2289 318 2347 ad
340 2290 473 2366 ineptias,
495 2301 545 2348 aut
566 2291 602 2348 ad
621 2291 788 2366 pravitatem
811 2291 949 2367 aliquam,

156 2383 326 2442 deseramur.
366 2386 455 2444 Oculi
469 2398 545 2460 sunt,
561 2405 681 2462 quorum
698 2398 758 2444 turn
772 2387 946 2462 intentione,

155 2490 215 2538 tum
243 2483 422 2556 remissione,
444 2494 507 2542 turn
535 2484 680 2560 conjectu,
703 2494 763 2541 tum
790 2483 947 2558 hilaritate,

155 2586 250 2636 motus
271 2579 431 2638 animorum
451 2581 648 2658 significemus
670 2592 733 2656 apte
747 2599 819 2638 curn
837 2601 947 2658 genere

155 2673 218 2750 ipso
238 2676 393 2735 orationis:
414 2688 458 2734 est
477 2678 555 2735 enirn
578 2677 653 2734 actio
666 2676 746 2752 quasi
767 2695 861 2734 sermo
882 2696 948 2737 cor·

106 2789 139 2838 25
153 2771 247 2847 poris;
274 2792 332 2848 qno
351 2774 443 2850 magis
462 2773 552 2831 menti
574 2791 735 2850 congruens
758 2793 821 2832 esse
848 2774 942 2834 debet

153 2866 265 2926 Oculos
291 2878 387 2929 autem
413 2879 516 2927 natura
541 2870 636 2940 nobis,
657 2879 689 2931 ut
712 2887 786 2944 equo
809 2881 839 2930 et
864 2871 943 2928 leoni
1028 2913 1029 2922 a

153 2975 239 3038 setas,
254 2965 386 3036 caudam,
400 2984 493 3037 aures,
508 2965 544 3024 ad
562 2975 657 3024 motus
674 2966 834 3030 animorum
847 2966 943 3030 ceola-

153 3061 267 3133 raudos,
290 3061 379 3121 dedit
418 3059 582 3134 Querain
609 3061 666 3123 hac
691 3062 788 3126 norat
814 3062 941 3136 actione,
