2109 3417
108 239 151 301 22
433 252 477 301 un
498 250 662 299 onirour.
871 250 913 310 [ι.
922 249 944 297 1.

155 396 278 473 ligioues
298 408 327 457 et
347 398 536 470 caerimoniae3
561 399 650 475 quidt
670 399 734 458 hnc
750 398 817 475 jure
836 397 945 470 civilia,

156 513 220 568 quse
236 494 406 570 jampridem
428 496 457 553 in
478 496 577 553 nostri
597 496 705 554 familis
725 494 788 553 sine
808 495 868 551 ulls
886 494 946 554 elo·

156 590 279 665 quentin
299 592 562 664 lauderersrntu13
583 601 718 649 nument
736 592 853 649 invente
866 601 945 662 sunt,

112 700 115 705 '
158 697 206 745 aut
233 688 359 765 cognita,
384 699 439 753 um¹
458 690 577 747 omuino
605 690 642 747 eb
663 698 809 747 oratorum
835 706 945 765 genere

127 786 297 843 Stractctat
351 784 493 861 Equidem
515 795 546 843 et
568 786 632 844 Ser.
653 785 776 842 Galbam
802 783 945 842 memorii

157 890 253 951 teneo,
281 880 408 938 divinum
443 881 590 940 hominem
616 880 647 938 in
672 880 808 951 dicendo,
837 888 867 936 et
899 878 943 937 M.

158 976 308 1035 AEmilium
335 977 499 1050 Porcinam,
527 987 556 1036 et
582 977 617 1036 C.
646 977 739 1053 ipsum
768 975 943 1048 Carbonem,

156 1090 242 1148 quem
264 1082 295 1129 tu
318 1074 548 1135 adolescentulus
570 1073 729 1150 perculisti,
752 1072 883 1150 ignarum
904 1073 945 1129 le·

158 1187 237 1245 gum,
258 1168 436 1227 hesitantem
457 1170 486 1227 in
508 1170 647 1246 majorum
673 1169 822 1240 institutis,
842 1168 943 1225 rudem

114 1264 192 1323 10iu
213 1264 277 1341 jure
298 1265 392 1323 civili:
419 1278 449 1325 et
469 1266 532 1325 haec
558 1276 628 1325 etas
652 1276 759 1337 nostre,
780 1274 882 1341 preter
902 1274 942 1337 te,

158 1360 272 1431 Crasse,
299 1360 348 1435 qui
375 1371 424 1419 tuo
456 1361 549 1437 magis
573 1361 682 1431 studio,
709 1379 794 1436 quem
827 1360 944 1436 proprio
1045 1401 1046 1446 3

158 1474 278 1515 munere
306 1457 400 1532 aliquo
427 1456 608 1528 disertorum,
632 1457 679 1533 jus
706 1476 723 1516 a
749 1457 832 1514 nobis
858 1456 944 1514 civile

159 1552 296 1625 didicisti,
311 1554 386 1629 quod
405 1554 548 1611 interdum
562 1553 677 1629 pudeat,
691 1553 764 1630 juris
777 1554 878 1630 ignare
889 1562 942 1615 est.

197 1649 286 1714 Quod
300 1668 366 1707 vero
380 1650 410 1707 in
424 1649 552 1709 extremi
564 1650 705 1721 cretione,
718 1650 799 1725 qussi
812 1660 863 1707 tuo
879 1650 944 1727 jure

114 1742 146 1811 ,15
160 1745 296 1817 sumsisti,
311 1756 452 1805 oratorem
466 1745 496 1803 in
510 1745 604 1807 omnis
623 1745 763 1805 sermonis
776 1744 944 1821 disputatio·

58 1844 61 1849 ’
159 1862 197 1905 ue
211 1842 407 1919 copiosissime
427 1861 511 1918 posse
531 1843 647 1917 versari,
661 1843 702 1915 id,
716 1842 773 1901 uisi
786 1840 835 1901 hic
848 1842 879 1900 in
892 1850 943 1900 tuo

159 1959 250 2017 regno
272 1959 409 2010 erremus,
434 1958 493 1999 non
519 1940 664 2008 tulissem3
696 1939 849 2013 multisque
874 1957 944 2014 pre·

160 2054 262 2105 essem,
284 2034 332 2109 qui
354 2045 402 2093 sut
423 2034 577 2096 interdicto
603 2045 700 2093 tecum
726 2033 942 2106 contenderent,

161 2140 210 2189 eut
230 2140 258 2187 te
277 2149 313 2187 ex
330 2130 393 2205 jure
414 2148 501 2187 manu
522 2139 687 2188 consertum
705 2142 850 2202 vocarent,
864 2131 942 2204 quod
1045 2195 1046 2204 χ

114 2225 146 2277 2⁰
162 2227 191 2285 in
219 2225 325 2283 alienes
357 2225 552 2301 possessiones
578 2235 636 2284 tam
662 2235 770 2286 temere
802 2226 941 2285 irruisses.
1045 2216 1046 2220 ¹

161 2323 291 2401 Agerent
314 2322 391 2379 enim
415 2330 512 2378 tecum
535 2320 600 2398 lege
621 2321 745 2398 primum
770 2321 942 2399 Pythagorei

161 2437 262 2479 omnes
296 2428 380 2491 atque
411 2415 611 2489 Democritici,
645 2417 799 2493 ceterique,
827 2418 857 2475 in
890 2437 942 2476 suo

162 2533 277 2593 genere,
297 2512 409 2589 physici
429 2512 617 2586 vindicarent,
638 2514 732 2573 ornati
759 2514 891 2573 homines
914 2515 943 2574 in
1045 2529 1046 2538 ¹

162 2611 287 2669 dicendo
307 2620 335 2667 et
355 2628 464 2685 graves,
485 2609 656 2684 quibuscum
677 2610 729 2670 tibi
753 2610 830 2687 justo
852 2631 944 2669 sucre-

115 2708 148 2759 ὓ
163 2718 259 2765 mento
280 2707 454 2765 contendere
474 2724 532 2764 non
553 2706 662 2765 liceret.
708 2708 850 2785 Urgerent
875 2726 943 2783 prn-

162 2815 241 2863 tereu
259 2803 492 2880 philosophorum
513 2816 624 2879 greges,
636 2803 695 2879 jem
710 2806 746 2862 rb
760 2804 811 2862 illo
823 2804 902 2861 fonte
915 2812 943 2859 et

162 2900 257 2977 cupite
277 2901 407 2971 Socrate,
422 2899 493 2957 nihil
514 2910 543 2957 te
563 2899 600 2956 de
620 2899 704 2957 bonis
722 2901 808 2958 rebus
828 2900 858 2956 in
874 2898 941 2970 viti,

162 2998 234 3059 nihil
258 2997 294 3057 de
317 2996 408 3070 melis,
435 2995 505 3057 nihil
533 2995 570 3055 dc
596 2994 685 3056 enimi
710 2994 941 3073 permotionibus,
1045 2987 1047 2994 '
