<?xml version="1.0" encoding="UTF-8"?>
<!DOCTYPE html PUBLIC "-//W3C//DTD XHTML 1.0 Transitional//EN"
    "http://www.w3.org/TR/xhtml1/DTD/xhtml1-transitional.dtd">
<html xmlns="http://www.w3.org/1999/xhtml" xml:lang="en" lang="en">
 <head>
  <title>
</title>
<meta http-equiv="Content-Type" content="text/html;charset=utf-8" />
  <meta name='ocr-system' content='tesseract 3.04.00' />
  <meta name='ocr-capabilities' content='ocr_page ocr_carea ocr_par ocr_line ocrx_word'/>
</head>
<body>
  <div class='ocr_page' id='page_1' title='image "./mtciceronisadqu00dillgoog_0045.png"; bbox 0 0 2109 3417; ppageno 0'>
   <div class='ocr_carea' id='block_1_1' title="bbox 131 256 967 329">
    <p class='ocr_par' dir='ltr' id='par_1_1' title="bbox 131 256 967 329">
     <span class='ocr_line' id='line_1_1' title="bbox 131 256 967 329; baseline -0.006 -12"><span class='ocrx_word' id='word_1_1' title='bbox 131 270 163 317; x_wconf 80' lang='lat' dir='ltr'><strong>u.</strong></span> <span class='ocrx_word' id='word_1_2' title='bbox 175 270 204 329; x_wconf 79' lang='lat' dir='ltr'><strong>tr</strong></span> <span class='ocrx_word' id='word_1_3' title='bbox 414 268 458 315; x_wconf 78' lang='lat' dir='ltr'><strong>mr</strong></span> <span class='ocrx_word' id='word_1_4' title='bbox 479 266 644 315; x_wconf 77' lang='lat' dir='ltr'><strong>omrona.</strong></span> <span class='ocrx_word' id='word_1_5' title='bbox 926 256 967 320; x_wconf 69' lang='grc' dir='ltr'>ω</span> 
     </span>
    </p>
   </div>
   <div class='ocr_carea' id='block_1_2' title="bbox 132 417 922 687">
    <p class='ocr_par' dir='ltr' id='par_1_2' title="bbox 132 417 922 687">
     <span class='ocr_line' id='line_1_2' title="bbox 132 417 921 495; baseline -0.001 -19"><span class='ocrx_word' id='word_1_6' title='bbox 132 418 278 495; x_wconf 83' lang='lat' dir='ltr'><strong>ignarum,</strong></span> <span class='ocrx_word' id='word_1_7' title='bbox 298 417 401 493; x_wconf 84' lang='lat' dir='ltr'><strong>quibus</strong></span> <span class='ocrx_word' id='word_1_8' title='bbox 427 436 463 475; x_wconf 82' lang='lat' dir='ltr'><strong>ee</strong></span> <span class='ocrx_word' id='word_1_9' title='bbox 487 417 574 475; x_wconf 78' lang='lat' dir='ltr'><strong>rebus</strong></span> <span class='ocrx_word' id='word_1_10' title='bbox 600 425 834 491; x_wconf 67' lang='lat' dir='ltr'><strong>consequeretur,</strong></span> <span class='ocrx_word' id='word_1_11' title='bbox 856 432 921 491; x_wconf 72' lang='lat' dir='ltr'><strong>qne</strong></span> 
     </span>
     <span class='ocr_line' id='line_1_3' title="bbox 133 512 922 592; baseline -0.003 -19"><span class='ocrx_word' id='word_1_12' title='bbox 133 526 254 592; x_wconf 80' lang='lat' dir='ltr'><strong>negaret</strong></span> <span class='ocrx_word' id='word_1_13' title='bbox 281 514 330 573; x_wconf 90' lang='lat' dir='ltr'><strong>ille</strong></span> <span class='ocrx_word' id='word_1_14' title='bbox 355 514 418 571; x_wconf 84' lang='lat' dir='ltr'><strong>sine</strong></span> <span class='ocrx_word' id='word_1_15' title='bbox 443 512 626 590; x_wconf 61' lang='lat' dir='ltr'><strong>philosophie</strong></span> <span class='ocrx_word' id='word_1_16' title='bbox 651 530 824 589; x_wconf 88' lang='lat' dir='ltr'><strong>quemquam</strong></span> <span class='ocrx_word' id='word_1_17' title='bbox 845 513 922 571; x_wconf 78' lang='lat' dir='ltr'><strong>coire</strong></span> 
     </span>
     <span class='ocr_line' id='line_1_4' title="bbox 132 630 225 687; baseline 0.011 -19"><span class='ocrx_word' id='word_1_18' title='bbox 132 630 225 687; x_wconf 82' lang='lat' dir='ltr'><strong>posse.</strong></span> 
     </span>
    </p>
   </div>
   <div class='ocr_carea' id='block_1_3' title="bbox 133 804 998 3005">
    <p class='ocr_par' dir='ltr' id='par_1_3' title="bbox 133 804 998 3005">
     <span class='ocr_line' id='line_1_5' title="bbox 175 804 920 881; baseline -0.004 -18"><span class='ocrx_word' id='word_1_19' title='bbox 175 805 245 863; x_wconf 89' lang='lat' dir='ltr'><strong>XX.</strong></span> <span class='ocrx_word' id='word_1_20' title='bbox 273 804 353 863; x_wconf 82' lang='lat' dir='ltr'><strong>Huic</strong></span> <span class='ocrx_word' id='word_1_21' title='bbox 380 805 428 863; x_wconf 86' lang='lat' dir='ltr'><strong>ille</strong></span> <span class='ocrx_word' id='word_1_22' title='bbox 454 804 655 881; x_wconf 88' lang='lat' dir='ltr'><strong>respondebat,</strong></span> <span class='ocrx_word' id='word_1_23' title='bbox 676 821 733 863; x_wconf 87' lang='lat' dir='ltr'><strong>non</strong></span> <span class='ocrx_word' id='word_1_24' title='bbox 753 821 785 861; x_wconf 84' lang='lat' dir='ltr'><strong>ee</strong></span> <span class='ocrx_word' id='word_1_25' title='bbox 804 820 920 880; x_wconf 82' lang='lat' dir='ltr'><strong>negare,</strong></span> 
     </span>
     <span class='ocr_line' id='line_1_6' title="bbox 133 901 953 978; baseline -0.009 -18"><span class='ocrx_word' id='word_1_26' title='bbox 133 902 361 961; x_wconf 84' lang='lat' dir='ltr'><strong>Demosthenem</strong></span> <span class='ocrx_word' id='word_1_27' title='bbox 388 920 528 959; x_wconf 79' lang='lat' dir='ltr'><strong>summam</strong></span> <span class='ocrx_word' id='word_1_28' title='bbox 554 901 746 978; x_wconf 87' lang='lat' dir='ltr'><strong>prudentiam,</strong></span> <span class='ocrx_word' id='word_1_29' title='bbox 770 904 953 959; x_wconf 78' lang='lat' dir='ltr'><strong>summum-5</strong></span> 
     </span>
     <span class='ocr_line' id='line_1_7' title="bbox 134 996 923 1073; baseline -0.003 -18"><span class='ocrx_word' id='word_1_30' title='bbox 134 1018 193 1073; x_wconf 87' lang='lat' dir='ltr'><strong>qne</strong></span> <span class='ocrx_word' id='word_1_31' title='bbox 216 999 272 1055; x_wconf 89' lang='lat' dir='ltr'><strong>vim</strong></span> <span class='ocrx_word' id='word_1_32' title='bbox 300 998 433 1056; x_wconf 85' lang='lat' dir='ltr'><strong>habuisse</strong></span> <span class='ocrx_word' id='word_1_33' title='bbox 461 998 595 1055; x_wconf 88' lang='lat' dir='ltr'><strong>dicendi:</strong></span> <span class='ocrx_word' id='word_1_34' title='bbox 626 997 676 1055; x_wconf 78' lang='lat' dir='ltr'><strong>sed</strong></span> <span class='ocrx_word' id='word_1_35' title='bbox 704 997 763 1055; x_wconf 84' lang='lat' dir='ltr'><strong>aive</strong></span> <span class='ocrx_word' id='word_1_36' title='bbox 790 996 840 1054; x_wconf 89' lang='lat' dir='ltr'><strong>ille</strong></span> <span class='ocrx_word' id='word_1_37' title='bbox 865 996 923 1053; x_wconf 81' lang='lat' dir='ltr'><strong>hoc</strong></span> 
     </span>
     <span class='ocr_line' id='line_1_8' title="bbox 135 1093 923 1172; baseline -0.001 -19"><span class='ocrx_word' id='word_1_38' title='bbox 135 1096 254 1172; x_wconf 81' lang='lat' dir='ltr'><strong>ingenio</strong></span> <span class='ocrx_word' id='word_1_39' title='bbox 273 1095 423 1171; x_wconf 81' lang='lat' dir='ltr'><strong>potuisset,</strong></span> <span class='ocrx_word' id='word_1_40' title='bbox 438 1094 497 1153; x_wconf 82' lang='lat' dir='ltr'><strong>rive</strong></span> <span class='ocrx_word' id='word_1_41' title='bbox 519 1094 562 1171; x_wconf 89' lang='lat' dir='ltr'><strong>(id</strong></span> <span class='ocrx_word' id='word_1_42' title='bbox 583 1095 660 1169; x_wconf 90' lang='lat' dir='ltr'><strong>qnod</strong></span> <span class='ocrx_word' id='word_1_43' title='bbox 680 1094 838 1172; x_wconf 79' lang='lat' dir='ltr'><strong>constaret)</strong></span> <span class='ocrx_word' id='word_1_44' title='bbox 860 1093 923 1152; x_wconf 78' lang='lat' dir='ltr'><strong>Pio·</strong></span> 
     </span>
     <span class='ocr_line' id='line_1_9' title="bbox 135 1189 923 1265; baseline -0.004 -16"><span class='ocrx_word' id='word_1_45' title='bbox 135 1193 213 1249; x_wconf 89' lang='lat' dir='ltr'><strong>tonis</strong></span> <span class='ocrx_word' id='word_1_46' title='bbox 233 1191 378 1249; x_wconf 81' lang='lat' dir='ltr'><strong>studiosus</strong></span> <span class='ocrx_word' id='word_1_47' title='bbox 399 1190 535 1250; x_wconf 89' lang='lat' dir='ltr'><strong>audiendi</strong></span> <span class='ocrx_word' id='word_1_48' title='bbox 559 1191 674 1261; x_wconf 81' lang='lat' dir='ltr'><strong>fnisaet;</strong></span> <span class='ocrx_word' id='word_1_49' title='bbox 695 1208 766 1261; x_wconf 85' lang='lat' dir='ltr'><strong>uon,</strong></span> <span class='ocrx_word' id='word_1_50' title='bbox 785 1190 856 1265; x_wconf 87' lang='lat' dir='ltr'><strong>quid</strong></span> <span class='ocrx_word' id='word_1_51' title='bbox 873 1189 923 1247; x_wconf 88' lang='lat' dir='ltr'><strong>ille</strong></span> 
     </span>
     <span class='ocr_line' id='line_1_10' title="bbox 134 1287 923 1365; baseline 0 -20"><span class='ocrx_word' id='word_1_52' title='bbox 134 1288 283 1365; x_wconf 85' lang='lat' dir='ltr'><strong>potuisset,</strong></span> <span class='ocrx_word' id='word_1_53' title='bbox 304 1288 354 1347; x_wconf 82' lang='lat' dir='ltr'><strong>sed</strong></span> <span class='ocrx_word' id='word_1_54' title='bbox 375 1288 443 1363; x_wconf 91' lang='lat' dir='ltr'><strong>quid</strong></span> <span class='ocrx_word' id='word_1_55' title='bbox 468 1288 514 1345; x_wconf 86' lang='lat' dir='ltr'><strong>isti</strong></span> <span class='ocrx_word' id='word_1_56' title='bbox 542 1287 689 1359; x_wconf 89' lang='lat' dir='ltr'><strong>docerent,</strong></span> <span class='ocrx_word' id='word_1_57' title='bbox 708 1306 773 1345; x_wconf 79' lang='lat' dir='ltr'><strong>esse</strong></span> <span class='ocrx_word' id='word_1_58' title='bbox 795 1304 923 1361; x_wconf 86' lang='lat' dir='ltr'><strong>qurereu·</strong></span> 
     </span>
     <span class='ocr_line' id='line_1_11' title="bbox 136 1383 970 1461; baseline 0.006 -20"><span class='ocrx_word' id='word_1_59' title='bbox 136 1384 214 1443; x_wconf 90' lang='lat' dir='ltr'><strong>dnm.</strong></span> <span class='ocrx_word' id='word_1_60' title='bbox 269 1386 352 1460; x_wconf 74' lang='lat' dir='ltr'><strong>Saepe</strong></span> <span class='ocrx_word' id='word_1_61' title='bbox 379 1384 465 1444; x_wconf 85' lang='lat' dir='ltr'><strong>etiam</strong></span> <span class='ocrx_word' id='word_1_62' title='bbox 494 1384 523 1441; x_wconf 89' lang='lat' dir='ltr'><strong>in</strong></span> <span class='ocrx_word' id='word_1_63' title='bbox 551 1402 615 1443; x_wconf 88' lang='lat' dir='ltr'><strong>earn</strong></span> <span class='ocrx_word' id='word_1_64' title='bbox 641 1394 750 1461; x_wconf 88' lang='lat' dir='ltr'><strong>partem</strong></span> <span class='ocrx_word' id='word_1_65' title='bbox 780 1383 923 1442; x_wconf 80' lang='lat' dir='ltr'><strong>ferebctur</strong></span> <span class='ocrx_word' id='word_1_66' title='bbox 938 1395 970 1446; x_wconf 86' lang='lat'><strong>1⁰</strong></span> 
     </span>
     <span class='ocr_line' id='line_1_12' title="bbox 135 1480 924 1557; baseline -0.004 -18"><span class='ocrx_word' id='word_1_67' title='bbox 135 1481 277 1553; x_wconf 75' lang='lat' dir='ltr'><strong>cretione,</strong></span> <span class='ocrx_word' id='word_1_68' title='bbox 298 1490 330 1537; x_wconf 89' lang='lat' dir='ltr'><strong>ut</strong></span> <span class='ocrx_word' id='word_1_69' title='bbox 357 1480 484 1551; x_wconf 89' lang='lat' dir='ltr'><strong>omnino,</strong></span> <span class='ocrx_word' id='word_1_70' title='bbox 509 1480 677 1557; x_wconf 85' lang='lat' dir='ltr'><strong>disputaret,</strong></span> <span class='ocrx_word' id='word_1_71' title='bbox 697 1480 806 1538; x_wconf 82' lang='lat' dir='ltr'><strong>nuliam</strong></span> <span class='ocrx_word' id='word_1_72' title='bbox 833 1489 924 1537; x_wconf 84' lang='lat' dir='ltr'><strong>artem</strong></span> 
     </span>
     <span class='ocr_line' id='line_1_13' title="bbox 135 1576 998 1653; baseline -0.003 -18"><span class='ocrx_word' id='word_1_73' title='bbox 135 1596 200 1635; x_wconf 82' lang='lat' dir='ltr'><strong>ease</strong></span> <span class='ocrx_word' id='word_1_74' title='bbox 220 1577 352 1635; x_wconf 87' lang='lat' dir='ltr'><strong>dicendi:</strong></span> <span class='ocrx_word' id='word_1_75' title='bbox 381 1576 466 1653; x_wconf 91' lang='lat' dir='ltr'><strong>idque</strong></span> <span class='ocrx_word' id='word_1_76' title='bbox 486 1596 552 1635; x_wconf 89' lang='lat' dir='ltr'><strong>cum</strong></span> <span class='ocrx_word' id='word_1_77' title='bbox 576 1577 751 1653; x_wconf 73' lang='lat' dir='ltr'><strong>argumentis</strong></span> <span class='ocrx_word' id='word_1_78' title='bbox 775 1576 922 1649; x_wconf 70' lang='lat' dir='ltr'><strong>docuerat,</strong></span> <span class='ocrx_word' id='word_1_79' title='bbox 992 1634 998 1653; x_wconf 59' lang='grc'>,</span> 
     </span>
     <span class='ocr_line' id='line_1_14' title="bbox 135 1671 925 1749; baseline -0.006 -17"><span class='ocrx_word' id='word_1_80' title='bbox 135 1674 214 1749; x_wconf 92' lang='lat' dir='ltr'><strong>quod</strong></span> <span class='ocrx_word' id='word_1_81' title='bbox 236 1674 277 1732; x_wconf 90' lang='lat' dir='ltr'><strong>ita</strong></span> <span class='ocrx_word' id='word_1_82' title='bbox 299 1674 359 1731; x_wconf 90' lang='lat' dir='ltr'><strong>uati</strong></span> <span class='ocrx_word' id='word_1_83' title='bbox 386 1692 524 1745; x_wconf 72' lang='lat' dir='ltr'><strong>ememus,</strong></span> <span class='ocrx_word' id='word_1_84' title='bbox 544 1683 576 1731; x_wconf 90' lang='lat' dir='ltr'><strong>ut</strong></span> <span class='ocrx_word' id='word_1_85' title='bbox 600 1683 629 1730; x_wconf 92' lang='lat' dir='ltr'><strong>et</strong></span> <span class='ocrx_word' id='word_1_86' title='bbox 656 1671 790 1742; x_wconf 85' lang='lat' dir='ltr'><strong>blandiri,</strong></span> <span class='ocrx_word' id='word_1_87' title='bbox 811 1682 841 1729; x_wconf 91' lang='lat' dir='ltr'><strong>et</strong></span> <span class='ocrx_word' id='word_1_88' title='bbox 859 1690 925 1747; x_wconf 81' lang='lat' dir='ltr'><strong>aup-</strong></span> 
     </span>
     <span class='ocr_line' id='line_1_15' title="bbox 135 1766 914 1847; baseline -0.004 -20"><span class='ocrx_word' id='word_1_89' title='bbox 135 1770 251 1847; x_wconf 82' lang='lat' dir='ltr'><strong>pliciter</strong></span> <span class='ocrx_word' id='word_1_90' title='bbox 271 1771 416 1829; x_wconf 88' lang='lat' dir='ltr'><strong>insinuare</strong></span> <span class='ocrx_word' id='word_1_91' title='bbox 437 1770 482 1839; x_wconf 86' lang='lat' dir='ltr'><strong>iia,</strong></span> <span class='ocrx_word' id='word_1_92' title='bbox 504 1768 646 1844; x_wconf 79' lang='lat' dir='ltr'><strong>aquibus</strong></span> <span class='ocrx_word' id='word_1_93' title='bbox 666 1777 741 1825; x_wconf 75' lang='lat' dir='ltr'><strong>esset</strong></span> <span class='ocrx_word' id='word_1_94' title='bbox 757 1766 914 1843; x_wconf 86' lang='lat' dir='ltr'><strong>petendum</strong></span> 
     </span>
     <span class='ocr_line' id='line_1_16' title="bbox 137 1866 972 1939; baseline -0.004 -13"><span class='ocrx_word' id='word_1_95' title='bbox 137 1878 168 1926; x_wconf 86' lang='lat' dir='ltr'><strong>et</strong></span> <span class='ocrx_word' id='word_1_96' title='bbox 196 1868 371 1925; x_wconf 85' lang='lat' dir='ltr'><strong>adversarios</strong></span> <span class='ocrx_word' id='word_1_97' title='bbox 397 1866 549 1925; x_wconf 81' lang='lat' dir='ltr'><strong>minaciter</strong></span> <span class='ocrx_word' id='word_1_98' title='bbox 575 1874 682 1922; x_wconf 88' lang='lat' dir='ltr'><strong>terrere</strong></span> <span class='ocrx_word' id='word_1_99' title='bbox 711 1882 870 1939; x_wconf 75' lang='lat' dir='ltr'><strong>possemne,</strong></span> <span class='ocrx_word' id='word_1_100' title='bbox 897 1872 926 1921; x_wconf 89' lang='lat' dir='ltr'><strong>et</strong></span> <span class='ocrx_word' id='word_1_101' title='bbox 941 1874 972 1923; x_wconf 78' lang='lat'><strong>15</strong></span> 
     </span>
     <span class='ocr_line' id='line_1_17' title="bbox 136 1960 924 2041; baseline -0.005 -20"><span class='ocrx_word' id='word_1_102' title='bbox 136 1984 199 2021; x_wconf 84' lang='lat' dir='ltr'><strong>rem</strong></span> <span class='ocrx_word' id='word_1_103' title='bbox 221 1975 329 2041; x_wconf 84' lang='lat' dir='ltr'><strong>gestam</strong></span> <span class='ocrx_word' id='word_1_104' title='bbox 346 1982 497 2038; x_wconf 84' lang='lat' dir='ltr'><strong>exponere,</strong></span> <span class='ocrx_word' id='word_1_105' title='bbox 512 1971 542 2019; x_wconf 90' lang='lat' dir='ltr'><strong>et</strong></span> <span class='ocrx_word' id='word_1_106' title='bbox 555 1962 595 2032; x_wconf 91' lang='lat' dir='ltr'><strong>id,</strong></span> <span class='ocrx_word' id='word_1_107' title='bbox 609 1962 685 2035; x_wconf 94' lang='lat' dir='ltr'><strong>quod</strong></span> <span class='ocrx_word' id='word_1_108' title='bbox 702 1960 924 2031; x_wconf 82' lang='lat' dir='ltr'><strong>intenderemus,</strong></span> 
     </span>
     <span class='ocr_line' id='line_1_18' title="bbox 137 2057 927 2133; baseline -0.006 -14"><span class='ocrx_word' id='word_1_109' title='bbox 137 2062 319 2131; x_wconf 81' lang='lat' dir='ltr'><strong>confirmare,</strong></span> <span class='ocrx_word' id='word_1_110' title='bbox 341 2070 369 2117; x_wconf 89' lang='lat' dir='ltr'><strong>et</strong></span> <span class='ocrx_word' id='word_1_111' title='bbox 391 2060 430 2130; x_wconf 93' lang='lat' dir='ltr'><strong>id,</strong></span> <span class='ocrx_word' id='word_1_112' title='bbox 451 2058 527 2133; x_wconf 86' lang='lat' dir='ltr'><strong>qnod</strong></span> <span class='ocrx_word' id='word_1_113' title='bbox 550 2068 651 2115; x_wconf 87' lang='lat' dir='ltr'><strong>contra</strong></span> <span class='ocrx_word' id='word_1_114' title='bbox 671 2057 824 2128; x_wconf 89' lang='lat' dir='ltr'><strong>diceretur,</strong></span> <span class='ocrx_word' id='word_1_115' title='bbox 844 2057 927 2115; x_wconf 88' lang='lat' dir='ltr'><strong>resel-</strong></span> 
     </span>
     <span class='ocr_line' id='line_1_19' title="bbox 138 2153 927 2230; baseline -0.004 -16"><span class='ocrx_word' id='word_1_116' title='bbox 138 2158 208 2229; x_wconf 87' lang='lat' dir='ltr'><strong>iere,</strong></span> <span class='ocrx_word' id='word_1_117' title='bbox 230 2156 314 2214; x_wconf 87' lang='lat' dir='ltr'><strong>etad</strong></span> <span class='ocrx_word' id='word_1_118' title='bbox 336 2166 491 2213; x_wconf 86' lang='lat' dir='ltr'><strong>extremum</strong></span> <span class='ocrx_word' id='word_1_119' title='bbox 514 2153 661 2230; x_wconf 88' lang='lat' dir='ltr'><strong>deprecari</strong></span> <span class='ocrx_word' id='word_1_120' title='bbox 683 2153 799 2229; x_wconf 82' lang='lat' dir='ltr'><strong>aJiqnid,</strong></span> <span class='ocrx_word' id='word_1_121' title='bbox 813 2164 842 2211; x_wconf 90' lang='lat' dir='ltr'><strong>et</strong></span> <span class='ocrx_word' id='word_1_122' title='bbox 858 2173 927 2211; x_wconf 92' lang='lat' dir='ltr'><strong>cou-</strong></span> 
     </span>
     <span class='ocr_line' id='line_1_20' title="bbox 137 2251 926 2329; baseline -0.003 -19"><span class='ocrx_word' id='word_1_123' title='bbox 137 2254 237 2329; x_wconf 81' lang='lat' dir='ltr'><strong>queri3</strong></span> <span class='ocrx_word' id='word_1_124' title='bbox 259 2253 363 2327; x_wconf 85' lang='lat' dir='ltr'><strong>quibus</strong></span> <span class='ocrx_word' id='word_1_125' title='bbox 380 2252 409 2309; x_wconf 91' lang='lat' dir='ltr'><strong>in</strong></span> <span class='ocrx_word' id='word_1_126' title='bbox 419 2252 509 2309; x_wconf 84' lang='lat' dir='ltr'><strong>rebus</strong></span> <span class='ocrx_word' id='word_1_127' title='bbox 529 2251 624 2307; x_wconf 81' lang='lat' dir='ltr'><strong>omnis</strong></span> <span class='ocrx_word' id='word_1_128' title='bbox 642 2260 784 2309; x_wconf 81' lang='lat' dir='ltr'><strong>oratorum</strong></span> <span class='ocrx_word' id='word_1_129' title='bbox 803 2269 926 2308; x_wconf 84' lang='lat' dir='ltr'><strong>versare·</strong></span> 
     </span>
     <span class='ocr_line' id='line_1_21' title="bbox 140 2346 972 2421; baseline 0.001 -15"><span class='ocrx_word' id='word_1_130' title='bbox 140 2359 186 2407; x_wconf 88' lang='lat' dir='ltr'><strong>tur</strong></span> <span class='ocrx_word' id='word_1_131' title='bbox 206 2349 344 2407; x_wconf 74' lang='lat' dir='ltr'><strong>facultas:</strong></span> <span class='ocrx_word' id='word_1_132' title='bbox 365 2358 394 2405; x_wconf 91' lang='lat' dir='ltr'><strong>et</strong></span> <span class='ocrx_word' id='word_1_133' title='bbox 408 2347 483 2421; x_wconf 90' lang='lat' dir='ltr'><strong>qnod</strong></span> <span class='ocrx_word' id='word_1_134' title='bbox 497 2347 687 2417; x_wconf 80' lang='lat' dir='ltr'><strong>consuetudo,</strong></span> <span class='ocrx_word' id='word_1_135' title='bbox 704 2346 925 2421; x_wconf 83' lang='lat' dir='ltr'><strong>exercitatioque</strong></span> <span class='ocrx_word' id='word_1_136' title='bbox 940 2357 972 2407; x_wconf 76' lang='lat'><strong>2⁰</strong></span> 
     </span>
     <span class='ocr_line' id='line_1_22' title="bbox 138 2442 926 2521; baseline -0.005 -19"><span class='ocrx_word' id='word_1_137' title='bbox 138 2456 170 2502; x_wconf 89' lang='lat' dir='ltr'><strong>et</strong></span> <span class='ocrx_word' id='word_1_138' title='bbox 190 2444 369 2521; x_wconf 82' lang='lat' dir='ltr'><strong>intelligendi</strong></span> <span class='ocrx_word' id='word_1_139' title='bbox 389 2442 571 2519; x_wconf 82' lang='lat' dir='ltr'><strong>prudentiam</strong></span> <span class='ocrx_word' id='word_1_140' title='bbox 592 2452 718 2513; x_wconf 89' lang='lat' dir='ltr'><strong>acueret,</strong></span> <span class='ocrx_word' id='word_1_141' title='bbox 732 2451 761 2499; x_wconf 88' lang='lat' dir='ltr'><strong>et</strong></span> <span class='ocrx_word' id='word_1_142' title='bbox 774 2442 926 2517; x_wconf 84' lang='lat' dir='ltr'><strong>eloquendi</strong></span> 
     </span>
     <span class='ocr_line' id='line_1_23' title="bbox 142 2539 925 2614; baseline -0.003 -15"><span class='ocrx_word' id='word_1_143' title='bbox 142 2542 317 2600; x_wconf 78' lang='lat' dir='ltr'><strong>celeritatem</strong></span> <span class='ocrx_word' id='word_1_144' title='bbox 344 2540 494 2598; x_wconf 80' lang='lat' dir='ltr'><strong>incitaret:</strong></span> <span class='ocrx_word' id='word_1_145' title='bbox 528 2549 591 2596; x_wconf 91' lang='lat' dir='ltr'><strong>tum</strong></span> <span class='ocrx_word' id='word_1_146' title='bbox 617 2540 703 2597; x_wconf 88' lang='lat' dir='ltr'><strong>etiam</strong></span> <span class='ocrx_word' id='word_1_147' title='bbox 731 2539 925 2614; x_wconf 85' lang='lat' dir='ltr'><strong>exemplorum</strong></span> 
     </span>
     <span class='ocr_line' id='line_1_24' title="bbox 141 2635 927 2720; baseline -0.004 -24"><span class='ocrx_word' id='word_1_148' title='bbox 141 2638 226 2714; x_wconf 69' lang='lat' dir='ltr'><strong>copiti</strong></span> <span class='ocrx_word' id='word_1_149' title='bbox 252 2638 403 2720; x_wconf 82' lang='lat' dir='ltr'><strong>nitebatur.</strong></span> <span class='ocrx_word' id='word_1_150' title='bbox 458 2636 487 2693; x_wconf 95' lang='lat' dir='ltr'>N</span> <span class='ocrx_word' id='word_1_151' title='bbox 491 2654 536 2694; x_wconf 88' lang='lat' dir='ltr'><strong>am</strong></span> <span class='ocrx_word' id='word_1_152' title='bbox 562 2636 697 2712; x_wconf 86' lang='lat' dir='ltr'><strong>primum,</strong></span> <span class='ocrx_word' id='word_1_153' title='bbox 721 2635 803 2710; x_wconf 79' lang='lat' dir='ltr'><strong>qumi</strong></span> <span class='ocrx_word' id='word_1_154' title='bbox 829 2635 927 2693; x_wconf 82' lang='lat' dir='ltr'><strong>‹teditt</strong></span> 
     </span>
     <span class='ocr_line' id='line_1_25' title="bbox 142 2714 927 2810; baseline -0.005 -18"><span class='ocrx_word' id='word_1_155' title='bbox 142 2735 239 2810; x_wconf 73' lang='lat' dir='ltr'><strong>operi,</strong></span> <span class='ocrx_word' id='word_1_156' title='bbox 258 2734 402 2792; x_wconf 89' lang='lat' dir='ltr'><strong>neminem</strong></span> <span class='ocrx_word' id='word_1_157' title='bbox 424 2733 592 2809; x_wconf 84' lang='lat' dir='ltr'><strong>scriptorem</strong></span> <span class='ocrx_word' id='word_1_158' title='bbox 614 2732 682 2789; x_wconf 82' lang='lat' dir='ltr'><strong>artie</strong></span> <span class='ocrx_word' id='word_1_159' title='bbox 694 2750 732 2789; x_wconf 89' lang='lat' dir='ltr'><strong>ue</strong></span> <span class='ocrx_word' id='word_1_160' title='bbox 745 2714 927 2789; x_wconf 84' lang='lat' dir='ltr'><strong>mediocriter</strong></span> 
     </span>
     <span class='ocr_line' id='line_1_26' title="bbox 141 2829 973 2907; baseline 0.002 -20"><span class='ocrx_word' id='word_1_161' title='bbox 141 2831 257 2907; x_wconf 86' lang='lat' dir='ltr'><strong>quidem</strong></span> <span class='ocrx_word' id='word_1_162' title='bbox 278 2831 415 2889; x_wconf 85' lang='lat' dir='ltr'><strong>disertum</strong></span> <span class='ocrx_word' id='word_1_163' title='bbox 436 2830 524 2887; x_wconf 82' lang='lat' dir='ltr'><strong>fuisse</strong></span> <span class='ocrx_word' id='word_1_164' title='bbox 548 2829 673 2896; x_wconf 79' lang='lat' dir='ltr'><strong>dicebat,</strong></span> <span class='ocrx_word' id='word_1_165' title='bbox 695 2846 761 2885; x_wconf 87' lang='lat' dir='ltr'><strong>cum</strong></span> <span class='ocrx_word' id='word_1_166' title='bbox 788 2836 928 2904; x_wconf 88' lang='lat' dir='ltr'><strong>repeteret</strong></span> <span class='ocrx_word' id='word_1_167' title='bbox 941 2839 973 2889; x_wconf 73' lang='lat'><strong>25</strong></span> 
     </span>
     <span class='ocr_line' id='line_1_27' title="bbox 140 2922 928 3005; baseline -0.008 -18"><span class='ocrx_word' id='word_1_168' title='bbox 140 2944 232 3005; x_wconf 82' lang='lat' dir='ltr'><strong>usque</strong></span> <span class='ocrx_word' id='word_1_169' title='bbox 246 2948 263 2986; x_wconf 95' lang='lat' dir='ltr'><strong>a</strong></span> <span class='ocrx_word' id='word_1_170' title='bbox 276 2928 399 3001; x_wconf 80' lang='lat' dir='ltr'><strong>Corace,</strong></span> <span class='ocrx_word' id='word_1_171' title='bbox 416 2926 596 3003; x_wconf 76' lang='lat' dir='ltr'><strong>nescioquo,</strong></span> <span class='ocrx_word' id='word_1_172' title='bbox 610 2934 641 2982; x_wconf 90' lang='lat' dir='ltr'><strong>et</strong></span> <span class='ocrx_word' id='word_1_173' title='bbox 659 2924 754 2997; x_wconf 74' lang='lat' dir='ltr'><strong>Tine,</strong></span> <span class='ocrx_word' id='word_1_174' title='bbox 767 2942 839 3000; x_wconf 85' lang='lat' dir='ltr'><strong>quoa</strong></span> <span class='ocrx_word' id='word_1_175' title='bbox 860 2922 928 2982; x_wconf 81' lang='lat' dir='ltr'><strong>artie</strong></span> 
     </span>
    </p>
   </div>
   <div class='ocr_carea' id='block_1_4' title="bbox 0 0 1068 3417">
    <p class='ocr_par' dir='ltr' id='par_1_4' title="bbox 0 0 1068 3417">
     <span class='ocr_line' id='line_1_28' title="bbox 0 0 1068 3417; baseline 0 0"><span class='ocrx_word' id='word_1_176' title='bbox 0 0 1068 3417; x_wconf 95' lang='lat' dir='ltr'><strong> </strong></span> 
     </span>
    </p>
   </div>
  </div>
 </body>
</html>
