2109 3417
9 259 21 296 k

134 271 211 331 uu]
410 265 453 315 na
474 270 638 317 onnronu.
925 260 963 322 ta

131 416 357 476 mausuetudinis
382 417 472 493 ooepi3
494 432 556 488 me,
576 436 627 493 pro
654 433 718 476 meo
744 418 843 489 sodali,
865 418 914 494 qui

132 514 201 573 mibi
214 514 244 570 in
259 513 379 571 liberium
394 514 458 571 loco
471 530 551 570 more
562 514 699 589 majorum
710 532 773 571 esse
787 516 913 588 deberet,

132 621 160 667 et
171 628 223 686 pro
238 609 301 665 med
314 610 393 667 omni
413 609 489 666 lamb
508 628 596 684 prope
615 610 802 684 fortunisque,
817 611 916 669 decer-

132 726 215 777 nere;
248 706 319 763 uihil
352 706 423 762 mibi
452 706 487 762 ad
519 706 760 763 existimationem
793 707 914 782 turpius,

131 790 201 859 nihil
216 802 250 859 ad
270 802 397 873 dolorem
419 802 550 859 acerbius
571 802 703 859 accidere
723 820 816 885 posse,
830 816 945 879 quam5

130 899 154 956 si
168 899 202 969 is,
216 898 265 973 qui
279 917 354 972 sepe
368 897 549 957 alienissimis
565 918 580 955 a
594 916 649 969 me,
664 898 714 955 sed
729 899 800 956 meis
819 908 915 957 tamen

131 995 250 1066 civibus,
277 995 362 1052 saluti
394 995 570 1051 existimarer
591 995 701 1067 luisse,
729 996 820 1054 sodali
851 1000 915 1054 meo

132 1092 267 1148 auxilium
287 1091 362 1148 ferre
381 1108 438 1147 non
455 1086 621 1165 potuissem.
662 1090 798 1149 Petebam
814 1110 831 1149 a
841 1092 916 1169 judi-

131 1186 223 1258 cibus,
237 1186 353 1243 utillud
372 1187 448 1245 aetati
463 1205 543 1259 meae,
559 1197 589 1245 ut
603 1188 770 1260 honoribus,
784 1198 821 1273 ut
830 1188 915 1246 rebus

130 1283 228 1360 gestis,
248 1283 274 1339 si
290 1283 376 1359 justo,
396 1284 421 1340 si
441 1284 490 1359 pio
510 1284 610 1341 dolore
630 1302 676 1340 me
696 1302 759 1341 esse
780 1285 915 1343 effectum
930 1292 961 1345 10

132 1379 269 1449 viderent,
297 1380 505 1449 concedereut3
540 1379 695 1454 presertim
730 1379 754 1436 si
787 1380 818 1436 in
852 1380 915 1437 eliis

131 1474 225 1531 causis
246 1475 459 1547 intellexissent,
474 1475 571 1533 omnia
591 1492 637 1531 me
658 1492 768 1548 semper
780 1493 832 1550 pro
847 1475 915 1531 ami-

131 1588 230 1628 corum
249 1572 395 1647 periculis,
415 1570 486 1628 nihil
508 1590 633 1645 unquam
653 1588 706 1646 pro
727 1566 846 1644 meipso,
867 1570 916 1628 de·

129 1677 288 1743 precatum,
342 1668 402 1739 Sic,
424 1667 453 1725 in
475 1668 525 1723 ille
545 1667 623 1725 omni
643 1666 809 1723 defensione
831 1675 915 1741 atque

130 1764 229 1835 cause,
249 1764 325 1839 quod
346 1782 409 1820 esse
429 1764 458 1820 iu
480 1774 541 1821 arte
559 1762 684 1838 positum
704 1762 863 1834 videbatur,
883 1771 915 1819 ut
930 1770 961 1821 15

130 1859 167 1917 de
179 1860 244 1936 lege
257 1860 382 1934 Apuleia
402 1859 538 1930 dicerem,
554 1869 594 1930 ut,
609 1858 677 1933 quid
697 1868 772 1916 esset
785 1858 914 1917 minuere

129 1956 317 2031 majestatem,
337 1956 519 2031 explicarem,
540 1974 675 2031 perquam
704 1954 826 2012 breviter
852 1972 915 2029 per·

129 2052 231 2109 strinxi
256 2062 340 2126 etque
364 2052 453 2128 attigi.
495 2051 550 2107 His
574 2051 684 2108 duabus
704 2051 833 2125 pertibus
854 2070 915 2108 ora·

129 2147 227 2219 tionis,
242 2166 361 2221 querum
375 2148 464 2203 altera
476 2147 700 2204 concitationem
716 2147 811 2219 habet,
827 2146 915 2203 altera

130 2244 420 2314 commendationem,
435 2262 497 2317 quae
517 2242 635 2299 minime
649 2243 797 2318 preceptis
812 2244 914 2300 ertium
929 2248 962 2299 20

130 2348 198 2395 sunt
216 2339 372 2414 perpolitae,
386 2339 479 2396 omnis
500 2349 543 2395 eet
558 2356 633 2395 erne
648 2339 697 2395 illa
710 2358 798 2397 causa
813 2349 916 2397 tracta·

130 2444 171 2504 ta,
184 2444 216 2491 ut
229 2443 259 2490 et
272 2435 427 2492 acerrimus
441 2435 471 2491 in
485 2434 630 2512 Caepionis
651 2435 758 2492 invidie
778 2452 916 2493 renovan-

129 2530 180 2601 dt,
200 2539 230 2587 et
249 2529 279 2587 iu
299 2530 371 2589 meis
389 2530 519 2605 moribus
541 2548 610 2607 erga
636 2550 716 2589 meos
738 2531 916 2591 necessarios

129 2624 312 2683 declarandis
331 2625 585 2697 mansuetissimus,
599 2626 718 2685 viderer.
759 2626 806 2685 Ita
825 2628 917 2704 magis

130 2721 243 2781 affectis
263 2722 366 2779 animis
382 2721 522 2798 judicum,
543 2740 628 2797 quem
648 2724 751 2796 doctis,
772 2734 831 2797 tua,
852 2724 916 2783 Sul·
930 2730 965 2783 ee

126 2818 200 2897 pici,
214 2828 258 2875 est
272 2818 460 2876 ariobistum
473 2820 620 2877 accusatio
634 2818 717 2877 victa.

137 3006 142 3014 ’
168 3010 203 3071 L
231 3011 295 3071 Hic
330 3012 486 3089 Sulpicius,
523 3012 610 3087 Vere,
648 3014 775 3087 hercule,
811 3013 913 3087 inquit,

209 3126 274 3167 vor..
288 3128 321 3167 11.
442 3111 463 3168 2
909 3104 922 3115 ‘⁸
