2109 3417
120 258 161 321 η
451 274 495 320 nn
518 272 682 320 onaroaa.
881 272 954 333 [ar.

167 420 394 494 auctoritatibus,
422 420 451 479 in
485 422 632 497 exemplis,
661 421 691 477 in
714 430 955 478 ‘testamentorum

166 516 304 589 formulis,
318 517 372 576 hoc
386 528 440 590 est,
454 518 484 575 in
498 518 593 575 medio
604 518 669 593 jure
683 516 761 575 cirili
776 518 903 575 versarii

204 709 269 768 XL.
298 710 409 769 Omitto
434 710 492 787 jam
520 710 603 785 plura
636 708 767 784 exempla
800 726 954 766 causarum

167 808 412 884 amplissimarum,
428 818 571 883 quaesunt
590 807 827 865 innumerabilia:
849 809 954 883 capitis

133 906 151 955 5
165 905 265 975 nostri,
280 925 354 981 saepe
373 915 465 981 potest
487 904 629 972 accidere,
645 914 676 960 ut
690 923 784 961 causas
805 917 953 962 versentur
1041 896 1044 901 ¹

166 1000 196 1057 in
220 1001 292 1076 jure.
346 1001 462 1058 Etenim
487 1001 530 1057 sic
551 989 588 1057 C}
608 999 789 1071 Mancinum,
810 1000 953 1057 nobilissi-

165 1115 242 1153 mum
259 1108 342 1172 atque
356 1098 494 1172 optimum
509 1097 612 1166 virum,
628 1115 662 1153 ac
679 1096 869 1167 consularem,
885 1114 953 1153 oum

164 1212 230 1250 eum
245 1204 359 1269 propter
380 1193 514 1250 invidiam
536 1193 709 1249 Numantini
730 1192 844 1249 soederis
860 1204 953 1268 pater·

164 1300 292 1365 patratus
311 1308 346 1346 ex
367 1290 396 1346 S.
418 1289 452 1346 C.
474 1288 661 1347 Numantinis
687 1289 851 1360 dedidisset,
873 1308 952 1347 eum·

119 1390 149 1438 10
165 1404 220 1459 que
248 1384 289 1441 illi
316 1404 372 1443 non
399 1385 585 1459 recepissent,
612 1395 767 1460 posteaque
795 1384 952 1443 Mancinus

165 1482 281 1538 domum
308 1481 473 1552 revenisset,
494 1500 589 1556 neque
615 1482 646 1537 in
673 1492 803 1539 senatum
830 1482 951 1539 introire

163 1578 339 1648 dubitdsset3
360 1576 392 1635 Ρ.
414 1578 552 1649 Rutilius,
574 1576 615 1635 M.
636 1578 722 1648 filius,
743 1579 874 1635 tribunus
894 1578 952 1654 ple-

165 1674 219 1745 bis,
244 1674 280 1731 de
306 1685 406 1731 senatu
430 1674 514 1751 jussit
541 1673 636 1744 educi,
664 1674 739 1748 quod
766 1692 831 1731 eum
857 1675 950 1732 civem

164 1782 283 1849 negaret
297 1790 375 1841 esse;
398 1772 466 1846 quia
485 1770 623 1827 memoria
645 1769 687 1827 sic
708 1783 782 1827 esset
795 1772 949 1845 proditum,
1048 1803 1049 1842 ;

118 1875 150 1925 15
165 1887 248 1945 quem
275 1879 355 1943 pater
382 1888 450 1924 suus
478 1878 526 1924 aut
553 1866 675 1943 populus
696 1867 879 1938 vendidisset,
902 1879 950 1925 aut
1048 1861 1049 1870 ¹

164 1974 383 2040 pater-patratus
410 1964 575 2033 dedidisset,
597 1963 624 2019 ei
649 1963 758 2019 nullum
786 1982 849 2020 esse
875 1974 950 2038 post-

164 2060 315 2117 liminium.
355 2060 453 2121 Quam
467 2078 617 2135 possumus
631 2059 755 2133 reperire
769 2078 804 2115 ex
817 2060 949 2116 omnibus

164 2154 250 2210 rebus
271 2154 403 2212 civilibus
427 2174 542 2212 causam
568 2155 839 2229 contentionemque
863 2156 950 2231 majo-

164 2268 235 2322 rem,
254 2270 337 2324 quam
360 2250 396 2306 de
416 2250 526 2319 ordine,
549 2251 585 2308 de
605 2251 730 2320 civitate,
751 2251 787 2308 de
807 2252 947 2322 libertate,

117 2354 149 2404 Ἄ)
165 2348 200 2403 de
221 2347 315 2423 capite
342 2346 467 2403 hominis
495 2347 671 2417 consularis;
698 2348 854 2421 prasertim
882 2366 947 2405 cum

164 2443 226 2500 haec
252 2460 311 2499 non
339 2442 368 2499 in
397 2443 517 2500 crimine
545 2444 648 2519 aliquo,
677 2443 753 2517 quod
780 2443 828 2499 ille
854 2454 949 2519 posset

164 2538 290 2611 infitiari,
310 2539 408 2597 sedin
431 2540 507 2596 civili
525 2540 599 2615 jure,
615 2540 803 2597 consisteretl
844 2540 949 2598 Simili·

165 2654 219 2710 que
234 2636 263 2693 in
278 2654 393 2713 genere,
409 2635 542 2693 inferiore
562 2637 672 2707 ordine,
686 2636 709 2693 si
723 2636 788 2713 quis
807 2637 883 2712 apud
897 2656 949 2695 nos

164 2731 296 2789 servisset
309 2752 344 2789 ex
363 2732 470 2807 populo
490 2732 637 2803 soederato,
652 2752 770 2808 seseque
789 2732 947 2805 liberasset,

118 2828 150 2879 25
166 2846 200 2886 ac
213 2839 313 2903 postea
326 2829 440 2887 domum
461 2828 632 2898 revenisset3
654 2830 801 2903 quaesitnm
817 2841 860 2886 est
875 2830 947 2905 apud

160 2925 286 3004 maiores
319 2936 442 3000 nostros,
469 2944 539 2983 num
567 2924 592 2982 is
619 2926 653 2983 ad
681 2945 749 2983 suos
774 2926 948 3001 postliminio
