2109 3417
105 285 188 348 un]
387 289 431 338 nn
453 227 618 339 murone..
669 249 673 256 ¹
880 279 938 342 163

106 434 228 494 ctituuut
254 426 341 510 enim,
365 437 395 495 in
418 437 575 514 partiendis
601 438 761 497 orationum
788 437 892 510 modis,

107 531 165 590 duo
185 550 292 609 genere
310 552 479 592 causarum:
499 554 589 593 unum
610 533 762 610 appellent,
778 534 805 591 in
823 553 891 610 quo,

107 627 183 684 sine.
201 630 331 704 personis
364 641 450 704 utque
481 631 666 706 temporibus,
694 631 731 688 de
761 625 893 688 universo

106 742 213 800 genere
233 736 390 799 quaerutur3
414 726 543 797 alterum,
563 726 637 802 quod
656 726 785 802 persenis
805 726 892 784 certis

106 829 136 878 ct
155 821 331 896 temporibus
350 821 518 891 definiutor3
541 822 642 899 ignari,
659 841 760 880 omnes
780 832 924 884 contro-5

107 914 213 974 reicies
233 916 269 974 ad
290 917 414 974 universi
440 918 554 994 generis
575 918 630 975 vim
651 928 680 975 et
700 930 829 976 naturum
851 937 893 975 re·

107 1011 183 1070 ferri.
225 1012 300 1070 Nem
321 1013 350 1070 in
370 1015 406 1070 ei
428 1013 489 1090 ipsi
509 1014 608 1085 causi,
621 1013 658 1070 de
671 1015 728 1089 qud
744 1024 808 1072 ante
821 1013 891 1085 dixi,

3 1096 10 1111 “
107 1106 179 1164 nihil
199 1107 320 1182 pertinet
341 1107 376 1164 nd
398 1108 518 1166 oratorie
537 1107 618 1166 loces
637 1107 745 1185 Opimii
761 1127 892 1185 persono,

105 1202 180 1260 nihil
207 1203 302 1260 Decii.
356 1204 402 1261 De
430 1204 491 1279 ipse
516 1204 594 1262 enim
622 1205 755 1262 universo
788 1222 893 1282 genere

103 1298 221 1356 infinite
246 1300 365 1374 quaestio
391 1312 445 1370 est,
469 1319 538 1359 num
565 1301 651 1376 pent
675 1301 803 1360 videntur
830 1319 894 1358 esse
909 1307 940 1357 1⁰

103 1397 286 1468 afficiendus,
298 1397 346 1472 qui
361 1398 453 1456 civem
467 1417 503 1455 ex
516 1399 783 1475 senatis-consulto,
795 1400 894 1474 petriae

103 1494 311 1554 wnmnmdae
345 1495 443 1566 causi,
477 1495 663 1566 interemerit,
694 1515 759 1554 cum
788 1496 816 1554 id
844 1515 894 1571 per

106 1590 188 1668 deges
206 1609 265 1648 non
283 1591 394 1649 diceret.
414 1612 417 1621 ¹
434 1591 464 1648 N
467 1591 525 1649 ulia
544 1591 668 1666 donique
688 1602 731 1650 est
752 1611 848 1663 ceusu,
864 1591 894 1650 in

106 1690 166 1765 qut
192 1689 232 1762 id,
258 1690 335 1764 quod
369 1689 398 1747 in
429 1689 572 1766 judicium
605 1689 692 1762 venit,
719 1709 754 1748 cx
781 1706 893 1746 reorum

107 1775 248 1864 personis,
261 1803 320 1843 non
342 1804 479 1863 generum
500 1785 626 1861 ipserum
648 1785 780 1843 universi
800 1785 941 1860 dispe-15

107 1882 229 1954 tatione,
248 1893 398 1958 queretur.
446 1881 616 1945 Quinetiam
638 1881 668 1940 in
689 1881 724 1938 iis
745 1881 823 1957 ipsis,
844 1880 894 1938 ubi

108 1977 146 2036 de
166 1974 254 2035 fecto·
264 1978 427 2055 umbigitur,
442 1978 588 2053 ceperitne
603 1988 704 2036 contre
717 1977 796 2055 leges
808 1995 896 2052 pecu·

108 2074 173 2134 nias
192 2074 224 2132 P.
244 2074 365 2145 Decius,
386 2085 554 2151 argumenta
575 2085 604 2130 et
626 2074 778 2132 criminum
799 2084 828 2132 et
848 2073 896 2131 de·

108 2171 250 2230 sensionis
276 2182 446 2229 revocentur
472 2180 586 2246 eportet
613 2169 647 2227 ud
674 2189 776 2246 genus,
803 2179 832 2228 et
859 2169 895 2227 cd

108 2279 241 2327 naturum
261 2267 439 2326 universnm:
467 2266 545 2342 quod
565 2279 739 2338 sumtuesus,
760 2267 796 2323 de
816 2266 896 2323 luru-
910 2275 942 2324 20

108 2364 169 2434 rim
203 2363 281 2439 quod
307 2363 394 2424 alieni
420 2373 566 2439 appetens,
590 2363 626 2420 de
655 2363 788 2432 uveritid3
819 2362 895 2437 quod

109 2460 274 2531 seditiosus,
287 2460 324 2518 de
339 2459 512 2517 turbulentis
524 2470 554 2517 et
569 2458 650 2516 mulis
670 2458 797 2529 civibus3
819 2459 896 2534 qued

111 2577 130 2616 e
142 2557 239 2615 multis
252 2557 392 2633 arguitur,
406 2557 442 2613 de
456 2572 563 2632 genere
576 2554 708 2613 testium:
730 2563 895 2630 contraque,
929 2543 933 2552 ’

110 2671 175 2730 qne
193 2671 247 2728 pro
265 2671 316 2710 reo
337 2652 477 2721 dicentur,
498 2650 596 2709 omnin
612 2635 779 2709 'necessario
798 2661 897 2708 utem·

109 2769 182 2828 pore
194 2761 279 2825 utque
293 2747 410 2807 humine
424 2747 458 2806 cd
474 2765 642 2806 communes
661 2765 756 2807 rerum
770 2756 800 2805 et
812 2765 898 2824 gene·
911 2758 944 2808 25

110 2865 175 2906 rum
195 2862 320 2904 summes
340 2845 527 2903 resolventur.
578 2845 675 2918 Atque
696 2844 764 2902 hee
778 2843 897 2902 forsitan

109 2942 231 3014 homini,
245 2960 305 3000 nen
324 2940 432 3012 omnin,
450 2959 513 3016 qme
531 2949 602 2998 eunt
620 2939 650 2996 iu
670 2938 772 2996 nnturd
792 2955 896 3010 rerum,

111 3039 246 3100 celeriter
265 3036 363 3098 uuime
382 3033 647 3114 comprehendenti,
660 3033 802 3112 permulta
820 3029 898 3089 vids
