2109 3417
110 263 166 323 152
425 273 469 320 nn
490 273 654 320 cersona.
855 271 893 332 [n.
904 272 938 318 11.

152 430 185 478 ιιι
211 419 288 491 belli,
315 419 375 478 sire
400 440 437 478 ex
462 421 594 498 personat,
622 431 654 484 ut
686 418 788 491 laudis,
815 419 875 477 sire
901 439 939 478 ex

152 515 354 591 disputatione,
369 527 400 574 ut
413 517 449 574 da
469 517 580 574 ratione
602 516 730 586 vivendi;
752 517 781 574 in
796 535 853 591 quo
866 535 937 587 non,

153 622 202 668 aut
229 611 297 686 quid
325 613 432 670 sactum
458 612 504 683 sit,
534 622 583 670 ant
614 612 672 683 fiat,
702 612 863 670 futurumve
889 612 937 684 ιιι,

152 718 302 782 quaeratur,
318 718 366 765 aut
379 708 462 783 quale
475 708 522 780 sit,
538 719 586 766 aut
600 708 668 783 quid
682 718 807 766 vocatur.

119 906 137 954 5
190 899 289 958 XXV.
320 901 367 958 Ac
389 911 495 961 nostre
518 900 578 958 fere
603 919 706 973 cause,
731 921 794 976 que
821 900 938 975 quidem

151 1006 218 1052 sunt
251 997 413 1068 criminum,
440 997 607 1072 plerumque
634 997 809 1055 inficiatione
840 992 938 1056 desan·

151 1093 265 1150 duntur.
320 1092 397 1150 Nam
418 1103 447 1150 et
467 1092 503 1150 de
523 1093 654 1169 pecuniis
677 1093 851 1168 repetundis,
872 1113 936 1168 quae

151 1189 283 1247 maxime
303 1199 379 1259 sunt,
400 1189 533 1265 neganda
553 1190 611 1246 sere
631 1199 697 1246 sunt
717 1189 830 1246 omnin:
851 1201 880 1246 et
900 1189 938 1247 de

151 1285 260 1344 ambitu
283 1304 347 1343 raro
371 1285 441 1343 illud
464 1286 557 1356 datur,
572 1295 603 1342 ut
622 1285 714 1360 possis
736 1285 937 1342 liberalitatem

104 1391 136 1441 10
152 1400 187 1438 ao
220 1381 426 1458 benignitatem
461 1381 496 1438 ab
525 1380 632 1438 ambitu
666 1390 751 1455 atque
783 1380 937 1456 largitione

151 1479 319 1553 sejungere:
340 1477 376 1533 de
390 1476 511 1546 sicariis,
522 1475 729 1547 deveneiiciis,
740 1475 776 1532 de
790 1476 936 1551 peculatu,

152 1573 274 1631 inficiari
294 1592 414 1630 necesse
433 1582 484 1630 est.
531 1570 564 1628 Id
585 1582 629 1629 est
650 1571 736 1648 igitur
763 1590 854 1648 genus
880 1572 938 1647 pri-

151 1689 229 1726 mum
249 1687 400 1727 causarum
411 1668 445 1725 ‘in
456 1667 583 1743 judiciis,
598 1685 633 1724 ex
647 1667 840 1724 controversia
857 1667 935 1726 sacti.

151 1765 186 1823 In
213 1765 469 1824 deliberationibus
494 1765 661 1838 plerumque
688 1782 723 1820 ex
749 1763 846 1833 futuri,
870 1781 938 1824 raro

104 1869 136 1917 15
150 1862 237 1919 etiam
259 1881 294 1920 ex
317 1861 448 1918 instantis
470 1871 519 1917 aut
540 1859 617 1917 sacti.
667 1859 749 1935 Saepe
774 1868 867 1916 autem
890 1877 937 1916 res

150 1977 220 2027 non,
235 1957 281 2027 sit,
297 1975 399 2026 necne,
414 1956 464 2014 sed
484 1956 576 2030 qualis
590 1955 636 2025 sit,
650 1955 801 2030 quaeritur;
822 1965 854 2012 ut
868 1971 936 2012 curn

150 2052 183 2110 L
211 2052 320 2128 Opimii
346 2071 461 2110 causam
489 2051 660 2108 defendebat
688 2050 762 2125 apud
787 2051 935 2125 populum,

151 2149 286 2206 audiente
306 2168 362 2219 me,
376 2148 410 2204 C.
425 2148 521 2206 Carbo
539 2147 649 2218 consul,
664 2147 734 2204 nihil
749 2147 785 2203 de
799 2146 832 2203 C.
848 2147 937 2204 Grac

150 2244 199 2300 cbi
213 2264 286 2302 nece
299 2245 437 2321 negabat3
459 2245 509 2301 sed
524 2244 553 2300 id
567 2244 641 2320 jure,
655 2262 708 2318 pro
722 2241 812 2300 salute
826 2244 935 2318 patriae,

102 2335 135 2384 2⁰
151 2340 259 2397 sactum
279 2359 342 2398 esse
362 2340 493 2397 dicebat:
514 2351 546 2396 ut
560 2340 652 2397 eidem
675 2339 801 2396 Carboni
821 2339 937 2398 tribuno

149 2437 252 2512 plebis,
267 2437 323 2495 alit
343 2447 403 2493 tum
424 2448 520 2492 mente
541 2435 744 2512 rempublicam
764 2434 935 2510 capessenti,

149 2533 183 2590 P.
204 2533 361 2590 Africanus
384 2532 420 2589 de
443 2531 491 2588 Ti.
513 2532 648 2589 Graccho
675 2531 872 2607 interroganti,
893 2550 937 2588 re·

149 2629 313 2704 sponderat,
343 2628 408 2704 jure
441 2647 547 2684 caesum
581 2627 679 2686 videri.
735 2624 805 2684 Jure
840 2637 935 2686 autem

149 2723 248 2783 omnia
271 2723 472 2794 defenduntur,
496 2742 559 2798 que
583 2733 649 2781 sunt
671 2723 733 2800 ejus
755 2723 879 2799 generis,
903 2734 936 2781 ut

103 2827 135 2877 25
152 2830 199 2879 aut
219 2819 387 2896 oportuerit,
408 2829 457 2876 aut
475 2817 602 2890 licuerit,
624 2829 672 2876 aut
695 2837 813 2879 necesse
837 2817 934 2888 fuerit,

152 2927 201 2976 aut
221 2914 422 2992 imprudentid,
438 2924 487 2972 aut
507 2932 586 2984 casu,
601 2913 678 2972 iacta
696 2933 757 2972 esse
775 2913 933 2972 rideantur.

152 3013 217 3072 Jam
244 3012 312 3090 quid
340 3022 466 3082 vocetur,
492 3009 638 3086 queritur,
666 3029 741 3083 oum,
765 3026 821 3085 quo
847 3009 935 3069 verbo
