2109 3417
124 232 182 295 1⁰2
237 263 240 266 ·
441 246 485 294 na
506 246 668 294 carrona.
876 245 944 306 [aa
1048 238 1049 254 ³

167 404 216 450 ant
235 411 292 468 quo
312 394 397 453 modo
415 415 450 453 ea
470 396 548 468 fiant,
570 397 687 454 omniuo
707 395 825 454 nesciat.
866 392 945 452 Num

167 490 263 567 igitur,
284 492 376 548 sicui
400 493 505 550 fundus
532 494 734 569 inspiciendus,
757 506 804 550 aut
824 494 848 549 si
868 511 946 549 man·

167 589 292 646 dandum
312 591 419 664 aliquid
439 592 617 666 procuratori
637 592 673 648 de
694 592 877 668 agricultura,
898 601 946 648 aut

167 684 362 760 imperandum
377 687 472 744 villico
485 688 532 759 sit,
547 687 680 764 Magonis
701 688 946 764 Carthaginiensis

136 792 232 838 5suut
251 783 316 840 libri
336 784 537 858 perdiscendi?
559 804 593 842 an
608 784 663 841 hac
677 785 822 841 communi
843 784 946 841 intelli·

166 879 263 954 gentici
283 881 412 937 conteuti
432 900 494 938 esse
513 882 683 956 possumus?
723 880 782 936 Cur
801 898 868 956 crgo
887 901 946 938 non

167 973 254 1030 iidem
275 975 304 1031 iu
322 976 386 1050 jure
407 977 493 1048 civili,
508 977 663 1052 praesertim
686 994 751 1034 cum
766 977 795 1033 in
810 976 904 1034 causis
918 988 947 1034 et

167 1071 196 1127 in
217 1073 341 1148 negotiis
360 1084 388 1130 et
409 1073 438 1130 in
453 1074 513 1131 foro
525 1085 717 1144 conteramur,
731 1073 800 1130 satis
814 1072 947 1131 instructi

166 1185 229 1224 esse
251 1186 402 1243 possumus
426 1170 461 1226 ad
485 1171 540 1227 hoc
567 1171 711 1242 duntaxat,
735 1188 772 1226 ne
796 1169 825 1227 in
849 1170 948 1227 nostra

124 1265 257 1340 lupatria
277 1265 419 1342 peregrini
440 1274 523 1340 atque
551 1267 665 1324 advenae
692 1285 753 1323 esse
780 1265 947 1324 videamurt

167 1361 214 1418 Ac
234 1361 257 1417 si
279 1361 337 1436 jam
361 1362 397 1419 sit
420 1381 507 1419 causa
532 1362 626 1437 aliqua
649 1363 683 1420 ad
707 1382 759 1420 nos
782 1363 874 1419 delata
898 1363 949 1418 ob-

167 1457 287 1528 scurior,
310 1457 426 1515 difficile
448 1457 564 1537 (credo)
586 1458 631 1529 sit,
653 1477 718 1515 cum
740 1459 795 1516 hoc
817 1458 948 1516 Seaevols

168 1554 398 1624 communicarc3
431 1574 592 1630 quanquam
619 1555 672 1631 ipsi
699 1556 804 1629 omnia,
825 1573 947 1631 quorum

168 1651 314 1727 negotium
335 1661 387 1722 ast,
402 1652 532 1709 consulta
553 1651 587 1709 ad
607 1671 660 1708 nos
674 1662 702 1708 ct
716 1652 855 1726 exquisita
871 1652 948 1708 desc·

123 1757 156 1808 15
168 1757 242 1805 runt.
282 1748 331 1806 An
345 1767 422 1819 vcro,
436 1747 460 1805 si
473 1749 510 1804 de
523 1767 554 1804 rc
568 1748 638 1823 ipsa,
656 1748 680 1806 si
696 1749 732 1807 de
752 1749 866 1821 finibus,
879 1767 947 1806 cum

168 1843 198 1901 iu
212 1863 272 1902 rem
291 1855 461 1919 praesentem
479 1863 537 1902 non
557 1843 695 1916 venimus,
710 1845 783 1903 side
801 1846 905 1904 tabulis
918 1855 949 1903 ct

167 1940 422 2016 perscriptionibus
445 1940 638 1998 controversis
662 1952 714 2011 est,
736 1952 880 1999 contortas
901 1961 949 1999 res

169 2046 198 2092 et
223 2055 298 2112 soepc
327 2037 458 2094 difficiles
490 2037 653 2096 necessario
685 2037 887 2112 perdiscimus;
921 2037 948 2096 si

169 2130 248 2208 leges
260 2132 353 2203 nobis,
369 2142 417 2193 aut
431 2133 455 2189 si
469 2132 617 2190 hominum
636 2134 791 2209 peritorum
813 2152 950 2210 responsa

122 2239 157 2288 ω
170 2229 370 2304 cognoscenda
392 2238 467 2299 sunt,
488 2247 628 2300 veremur,
648 2248 685 2288 ne
712 2249 756 2301 ea,
777 2230 800 2286 si
823 2231 859 2288 ab
882 2228 949 2288 edo-

169 2323 307 2380 lescentid
336 2322 392 2399 juri
426 2323 502 2381 civili
536 2324 630 2382 minus
663 2325 862 2398 studuerimus,
889 2345 947 2384 non

168 2439 305 2495 queamus
318 2421 513 2496 cognosceret

209 2610 289 2668 LIX.
319 2609 439 2668 Nihilne
470 2612 557 2690 igitur
589 2613 705 2689 prodest
738 2614 840 2672 oratori
874 2613 946 2690 juris

170 2706 263 2766 civilis
282 2707 422 2766 scicntia?
461 2709 531 2766 Non
550 2729 666 2785 possum
686 2729 791 2788 negare
814 2711 947 2786 prodesse

123 2811 156 2861 25
170 2805 256 2862 ullam
275 2804 435 2877 scientiam,
456 2805 484 2862 ei
503 2807 669 2882 praesertim,
684 2807 766 2884 cujus
786 2805 948 2881 eloquentia

170 2900 254 2978 copia
273 2919 368 2958 rerum
389 2902 492 2961 debeat
511 2921 574 2960 esse
595 2915 710 2962 oruata:
731 2903 781 2960 sed
802 2901 898 2973 mults,
918 2911 950 2960 et

170 3015 284 3078 usqua,
306 3007 338 3056 ct
359 2997 487 3058 difficilia
508 3009 642 3073 arantes,
665 3019 728 3078 quae
751 3009 817 3060 sunt
841 2999 951 3061 oratori
