<?xml version="1.0" encoding="UTF-8"?>
<!DOCTYPE html PUBLIC "-//W3C//DTD XHTML 1.0 Transitional//EN"
    "http://www.w3.org/TR/xhtml1/DTD/xhtml1-transitional.dtd">
<html xmlns="http://www.w3.org/1999/xhtml" xml:lang="en" lang="en">
 <head>
  <title>
</title>
<meta http-equiv="Content-Type" content="text/html;charset=utf-8" />
  <meta name='ocr-system' content='tesseract 3.04.00' />
  <meta name='ocr-capabilities' content='ocr_page ocr_carea ocr_par ocr_line ocrx_word'/>
</head>
<body>
  <div class='ocr_page' id='page_1' title='image "./mtciceronisadqu00dillgoog_0267.png"; bbox 0 0 2109 3417; ppageno 0'>
   <div class='ocr_carea' id='block_1_1' title="bbox 109 316 950 391">
    <p class='ocr_par' dir='ltr' id='par_1_1' title="bbox 109 316 950 391">
     <span class='ocr_line' id='line_1_1' title="bbox 109 316 950 391; baseline -0.002 -14"><span class='ocrx_word' id='word_1_1' title='bbox 109 330 190 391; x_wconf 75' lang='lat' dir='ltr'>nu]</span> <span class='ocrx_word' id='word_1_2' title='bbox 391 330 434 375; x_wconf 84' lang='lat' dir='ltr'>uu</span> <span class='ocrx_word' id='word_1_3' title='bbox 455 324 618 377; x_wconf 75' lang='lat' dir='ltr'>ormena.</span> <span class='ocrx_word' id='word_1_4' title='bbox 900 316 950 375; x_wconf 71' lang='lat'>85&#39;</span> 
     </span>
    </p>
   </div>
   <div class='ocr_carea' id='block_1_2' title="bbox 83 454 944 2287">
    <p class='ocr_par' dir='ltr' id='par_1_2' title="bbox 83 454 944 2287">
     <span class='ocr_line' id='line_1_2' title="bbox 109 454 897 561; baseline 0 -24"><span class='ocrx_word' id='word_1_5' title='bbox 109 454 326 561; x_wconf 10' lang='lat' dir='ltr'>enimyminime</span> <span class='ocrx_word' id='word_1_6' title='bbox 344 489 389 537; x_wconf 86' lang='lat' dir='ltr'>est</span> <span class='ocrx_word' id='word_1_7' title='bbox 408 480 542 538; x_wconf 88' lang='lat' dir='ltr'>liberale:</span> <span class='ocrx_word' id='word_1_8' title='bbox 569 478 694 551; x_wconf 89' lang='lat' dir='ltr'>tertium,</span> <span class='ocrx_word' id='word_1_9' title='bbox 716 477 775 535; x_wconf 87' lang='lat' dir='ltr'>oris</span> <span class='ocrx_word' id='word_1_10' title='bbox 799 476 897 551; x_wconf 76' lang='lat' dir='ltr'>depru-</span> 
     </span>
     <span class='ocr_line' id='line_1_3' title="bbox 111 574 895 653; baseline -0.001 -22"><span class='ocrx_word' id='word_1_11' title='bbox 111 576 197 647; x_wconf 81' lang='lat' dir='ltr'>vatio,</span> <span class='ocrx_word' id='word_1_12' title='bbox 218 595 275 633; x_wconf 90' lang='lat' dir='ltr'>non</span> <span class='ocrx_word' id='word_1_13' title='bbox 300 576 390 653; x_wconf 86' lang='lat' dir='ltr'>digna</span> <span class='ocrx_word' id='word_1_14' title='bbox 414 575 515 633; x_wconf 84' lang='lat' dir='ltr'>nobis:</span> <span class='ocrx_word' id='word_1_15' title='bbox 543 586 685 651; x_wconf 87' lang='lat' dir='ltr'>quartum,</span> <span class='ocrx_word' id='word_1_16' title='bbox 712 574 895 645; x_wconf 67' lang='lat' dir='ltr'>obscenitas,</span> 
     </span>
     <span class='ocr_line' id='line_1_4' title="bbox 111 671 896 749; baseline -0.001 -21"><span class='ocrx_word' id='word_1_17' title='bbox 111 690 171 729; x_wconf 91' lang='lat' dir='ltr'>nou</span> <span class='ocrx_word' id='word_1_18' title='bbox 197 672 288 730; x_wconf 88' lang='lat' dir='ltr'>solum</span> <span class='ocrx_word' id='word_1_19' title='bbox 315 692 373 729; x_wconf 90' lang='lat' dir='ltr'>uon</span> <span class='ocrx_word' id='word_1_20' title='bbox 401 673 463 729; x_wconf 82' lang='lat' dir='ltr'>foro</span> <span class='ocrx_word' id='word_1_21' title='bbox 488 673 586 749; x_wconf 86' lang='lat' dir='ltr'>digna,</span> <span class='ocrx_word' id='word_1_22' title='bbox 615 672 666 729; x_wconf 88' lang='lat' dir='ltr'>sed</span> <span class='ocrx_word' id='word_1_23' title='bbox 692 671 739 728; x_wconf 79' lang='lat' dir='ltr'>rix</span> <span class='ocrx_word' id='word_1_24' title='bbox 764 671 896 745; x_wconf 90' lang='lat' dir='ltr'>convivio</span> 
     </span>
     <span class='ocr_line' id='line_1_5' title="bbox 110 767 896 844; baseline 0 -21"><span class='ocrx_word' id='word_1_25' title='bbox 110 768 273 825; x_wconf 86' lang='lat' dir='ltr'>liberorum.</span> <span class='ocrx_word' id='word_1_26' title='bbox 327 769 472 826; x_wconf 84' lang='lat' dir='ltr'>Detractis</span> <span class='ocrx_word' id='word_1_27' title='bbox 496 768 582 844; x_wconf 88' lang='lat' dir='ltr'>igitur</span> <span class='ocrx_word' id='word_1_28' title='bbox 603 778 645 824; x_wconf 91' lang='lat' dir='ltr'>tot</span> <span class='ocrx_word' id='word_1_29' title='bbox 665 768 751 825; x_wconf 90' lang='lat' dir='ltr'>rebus</span> <span class='ocrx_word' id='word_1_30' title='bbox 777 786 813 824; x_wconf 84' lang='lat' dir='ltr'>ex</span> <span class='ocrx_word' id='word_1_31' title='bbox 839 767 896 823; x_wconf 90' lang='lat' dir='ltr'>boc</span> 
     </span>
     <span class='ocr_line' id='line_1_6' title="bbox 110 863 926 940; baseline -0.001 -20"><span class='ocrx_word' id='word_1_32' title='bbox 110 864 234 923; x_wconf 87' lang='lat' dir='ltr'>oratorio</span> <span class='ocrx_word' id='word_1_33' title='bbox 253 864 329 936; x_wconf 92' lang='lat' dir='ltr'>loco,</span> <span class='ocrx_word' id='word_1_34' title='bbox 350 864 462 923; x_wconf 83' lang='lat' dir='ltr'>facetiae</span> <span class='ocrx_word' id='word_1_35' title='bbox 481 865 597 940; x_wconf 80' lang='lat' dir='ltr'>reliquae</span> <span class='ocrx_word' id='word_1_36' title='bbox 618 874 694 936; x_wconf 90' lang='lat' dir='ltr'>sunt,</span> <span class='ocrx_word' id='word_1_37' title='bbox 714 883 776 939; x_wconf 77' lang='lat' dir='ltr'>quie</span> <span class='ocrx_word' id='word_1_38' title='bbox 798 872 845 919; x_wconf 85' lang='lat' dir='ltr'>aut</span> <span class='ocrx_word' id='word_1_39' title='bbox 866 863 926 920; x_wconf 75' lang='lat' dir='ltr'>inb</span> 
     </span>
     <span class='ocr_line' id='line_1_7' title="bbox 110 945 896 1039; baseline 0 -23"><span class='ocrx_word' id='word_1_40' title='bbox 110 978 142 1016; x_wconf 91' lang='lat' dir='ltr'>re</span> <span class='ocrx_word' id='word_1_41' title='bbox 162 960 209 1035; x_wconf 86' lang='lat' dir='ltr'>(ut</span> <span class='ocrx_word' id='word_1_42' title='bbox 229 945 294 1017; x_wconf 86' lang='lat' dir='ltr'>aute</span> <span class='ocrx_word' id='word_1_43' title='bbox 315 960 412 1039; x_wconf 85' lang='lat' dir='ltr'>divisi)</span> <span class='ocrx_word' id='word_1_44' title='bbox 432 961 533 1036; x_wconf 74' lang='lat' dir='ltr'>positae</span> <span class='ocrx_word' id='word_1_45' title='bbox 553 960 685 1018; x_wconf 89' lang='lat' dir='ltr'>videntur</span> <span class='ocrx_word' id='word_1_46' title='bbox 706 978 779 1031; x_wconf 86' lang='lat' dir='ltr'>esse,</span> <span class='ocrx_word' id='word_1_47' title='bbox 798 969 846 1017; x_wconf 88' lang='lat' dir='ltr'>aut</span> <span class='ocrx_word' id='word_1_48' title='bbox 865 960 896 1016; x_wconf 90' lang='lat' dir='ltr'>in</span> 
     </span>
     <span class='ocr_line' id='line_1_8' title="bbox 110 1056 897 1133; baseline 0.001 -21"><span class='ocrx_word' id='word_1_49' title='bbox 110 1058 206 1113; x_wconf 89' lang='lat' dir='ltr'>verbo.</span> <span class='ocrx_word' id='word_1_50' title='bbox 252 1056 330 1114; x_wconf 88' lang='lat' dir='ltr'>Nam</span> <span class='ocrx_word' id='word_1_51' title='bbox 351 1058 437 1132; x_wconf 91' lang='lat' dir='ltr'>quod,</span> <span class='ocrx_word' id='word_1_52' title='bbox 458 1058 685 1133; x_wconf 90' lang='lat' dir='ltr'>quibuscumque</span> <span class='ocrx_word' id='word_1_53' title='bbox 706 1056 799 1113; x_wconf 90' lang='lat' dir='ltr'>verbis</span> <span class='ocrx_word' id='word_1_54' title='bbox 820 1056 897 1113; x_wconf 85' lang='lat' dir='ltr'>dixe·</span> 
     </span>
     <span class='ocr_line' id='line_1_9' title="bbox 110 1152 896 1228; baseline 0 -19"><span class='ocrx_word' id='word_1_55' title='bbox 110 1153 159 1223; x_wconf 87' lang='lat' dir='ltr'>ris,</span> <span class='ocrx_word' id='word_1_56' title='bbox 188 1154 312 1211; x_wconf 85' lang='lat' dir='ltr'>facetum</span> <span class='ocrx_word' id='word_1_57' title='bbox 345 1165 440 1211; x_wconf 89' lang='lat' dir='ltr'>tamen</span> <span class='ocrx_word' id='word_1_58' title='bbox 470 1164 522 1223; x_wconf 88' lang='lat' dir='ltr'>est,</span> <span class='ocrx_word' id='word_1_59' title='bbox 550 1172 581 1211; x_wconf 91' lang='lat' dir='ltr'>re</span> <span class='ocrx_word' id='word_1_60' title='bbox 608 1154 787 1212; x_wconf 78' lang='lat' dir='ltr'>continetur:</span> <span class='ocrx_word' id='word_1_61' title='bbox 821 1152 896 1228; x_wconf 89' lang='lat' dir='ltr'>quod</span> 
     </span>
     <span class='ocr_line' id='line_1_10' title="bbox 110 1246 897 1321; baseline 0.003 -17"><span class='ocrx_word' id='word_1_62' title='bbox 110 1250 227 1307; x_wconf 89' lang='lat' dir='ltr'>mutatis</span> <span class='ocrx_word' id='word_1_63' title='bbox 252 1251 346 1307; x_wconf 85' lang='lat' dir='ltr'>verbis</span> <span class='ocrx_word' id='word_1_64' title='bbox 372 1251 460 1308; x_wconf 82' lang='lat' dir='ltr'>salem</span> <span class='ocrx_word' id='word_1_65' title='bbox 493 1250 606 1321; x_wconf 85' lang='lat' dir='ltr'>amittit,</span> <span class='ocrx_word' id='word_1_66' title='bbox 634 1251 664 1307; x_wconf 87' lang='lat' dir='ltr'>in</span> <span class='ocrx_word' id='word_1_67' title='bbox 691 1250 784 1307; x_wconf 84' lang='lat' dir='ltr'>verbis</span> <span class='ocrx_word' id='word_1_68' title='bbox 811 1246 897 1308; x_wconf 89' lang='lat' dir='ltr'>habet</span> 
     </span>
     <span class='ocr_line' id='line_1_11' title="bbox 109 1344 942 1419; baseline 0.008 -19"><span class='ocrx_word' id='word_1_69' title='bbox 109 1344 235 1419; x_wconf 90' lang='lat' dir='ltr'>leporem</span> <span class='ocrx_word' id='word_1_70' title='bbox 249 1364 372 1403; x_wconf 89' lang='lat' dir='ltr'>omnem.</span> <span class='ocrx_word' id='word_1_71' title='bbox 912 1357 942 1407; x_wconf 86' lang='lat'>1⁰</span> 
     </span>
     <span class='ocr_line' id='line_1_12' title="bbox 150 1432 897 1517; baseline 0.005 -22"><span class='ocrx_word' id='word_1_72' title='bbox 150 1441 297 1516; x_wconf 81' lang='lat' dir='ltr'>Ambigua</span> <span class='ocrx_word' id='word_1_73' title='bbox 315 1451 381 1497; x_wconf 85' lang='lat' dir='ltr'>sunt</span> <span class='ocrx_word' id='word_1_74' title='bbox 395 1442 425 1497; x_wconf 92' lang='lat' dir='ltr'>iu</span> <span class='ocrx_word' id='word_1_75' title='bbox 438 1441 539 1517; x_wconf 90' lang='lat' dir='ltr'>primis</span> <span class='ocrx_word' id='word_1_76' title='bbox 550 1432 653 1513; x_wconf 81' lang='lat' dir='ltr'>acuta,</span> <span class='ocrx_word' id='word_1_77' title='bbox 670 1452 753 1516; x_wconf 85' lang='lat' dir='ltr'>atque</span> <span class='ocrx_word' id='word_1_78' title='bbox 767 1442 796 1498; x_wconf 92' lang='lat' dir='ltr'>in</span> <span class='ocrx_word' id='word_1_79' title='bbox 810 1443 897 1499; x_wconf 85' lang='lat' dir='ltr'>verbo</span> 
     </span>
     <span class='ocr_line' id='line_1_13' title="bbox 110 1536 897 1613; baseline 0.005 -22"><span class='ocrx_word' id='word_1_80' title='bbox 110 1536 212 1611; x_wconf 88' lang='lat' dir='ltr'>posita,</span> <span class='ocrx_word' id='word_1_81' title='bbox 225 1556 283 1593; x_wconf 88' lang='lat' dir='ltr'>uon</span> <span class='ocrx_word' id='word_1_82' title='bbox 298 1537 328 1593; x_wconf 92' lang='lat' dir='ltr'>iu</span> <span class='ocrx_word' id='word_1_83' title='bbox 341 1556 390 1594; x_wconf 87' lang='lat' dir='ltr'>re:</span> <span class='ocrx_word' id='word_1_84' title='bbox 411 1538 462 1594; x_wconf 91' lang='lat' dir='ltr'>sed</span> <span class='ocrx_word' id='word_1_85' title='bbox 482 1556 541 1594; x_wconf 93' lang='lat' dir='ltr'>non</span> <span class='ocrx_word' id='word_1_86' title='bbox 563 1556 638 1613; x_wconf 73' lang='lat' dir='ltr'>saepe</span> <span class='ocrx_word' id='word_1_87' title='bbox 659 1556 794 1613; x_wconf 88' lang='lat' dir='ltr'>magnum</span> <span class='ocrx_word' id='word_1_88' title='bbox 809 1538 897 1595; x_wconf 88' lang='lat' dir='ltr'>risum</span> 
     </span>
     <span class='ocr_line' id='line_1_14' title="bbox 110 1617 898 1709; baseline 0.004 -21"><span class='ocrx_word' id='word_1_89' title='bbox 110 1644 224 1689; x_wconf 89' lang='lat' dir='ltr'>movent</span> <span class='ocrx_word' id='word_1_90' title='bbox 234 1652 247 1689; x_wconf 84' lang='lat'>:-</span> <span class='ocrx_word' id='word_1_91' title='bbox 262 1617 354 1709; x_wconf 86' lang='lat' dir='ltr'>magis</span> <span class='ocrx_word' id='word_1_92' title='bbox 372 1642 406 1690; x_wconf 91' lang='lat' dir='ltr'>ut</span> <span class='ocrx_word' id='word_1_93' title='bbox 425 1634 499 1690; x_wconf 94' lang='lat' dir='ltr'>belle</span> <span class='ocrx_word' id='word_1_94' title='bbox 513 1644 542 1691; x_wconf 93' lang='lat' dir='ltr'>et</span> <span class='ocrx_word' id='word_1_95' title='bbox 556 1633 668 1691; x_wconf 75' lang='lat' dir='ltr'>literato</span> <span class='ocrx_word' id='word_1_96' title='bbox 689 1634 767 1690; x_wconf 89' lang='lat' dir='ltr'>dicta</span> <span class='ocrx_word' id='word_1_97' title='bbox 780 1633 898 1691; x_wconf 82' lang='lat' dir='ltr'>laudan-</span> 
     </span>
     <span class='ocr_line' id='line_1_15' title="bbox 110 1729 897 1804; baseline 0 -19"><span class='ocrx_word' id='word_1_98' title='bbox 110 1738 173 1785; x_wconf 86' lang='lat' dir='ltr'>tur:</span> <span class='ocrx_word' id='word_1_99' title='bbox 201 1738 232 1784; x_wconf 95' lang='lat' dir='ltr'>ut</span> <span class='ocrx_word' id='word_1_100' title='bbox 255 1729 285 1785; x_wconf 89' lang='lat' dir='ltr'>iu</span> <span class='ocrx_word' id='word_1_101' title='bbox 309 1729 388 1786; x_wconf 91' lang='lat' dir='ltr'>illurn</span> <span class='ocrx_word' id='word_1_102' title='bbox 412 1729 535 1801; x_wconf 89' lang='lat' dir='ltr'>Titium,</span> <span class='ocrx_word' id='word_1_103' title='bbox 560 1748 655 1804; x_wconf 89' lang='lat' dir='ltr'>quem,</span> <span class='ocrx_word' id='word_1_104' title='bbox 680 1748 745 1786; x_wconf 90' lang='lat' dir='ltr'>curn</span> <span class='ocrx_word' id='word_1_105' title='bbox 770 1729 897 1786; x_wconf 88' lang='lat' dir='ltr'>studiose</span> 
     </span>
     <span class='ocr_line' id='line_1_16' title="bbox 111 1824 944 1903; baseline 0.005 -23"><span class='ocrx_word' id='word_1_106' title='bbox 111 1824 169 1898; x_wconf 76' lang='lat' dir='ltr'>pilai</span> <span class='ocrx_word' id='word_1_107' title='bbox 189 1824 309 1896; x_wconf 80' lang='lat' dir='ltr'>luderet,</span> <span class='ocrx_word' id='word_1_108' title='bbox 324 1836 353 1882; x_wconf 91' lang='lat' dir='ltr'>et</span> <span class='ocrx_word' id='word_1_109' title='bbox 366 1826 442 1883; x_wconf 90' lang='lat' dir='ltr'>idem</span> <span class='ocrx_word' id='word_1_110' title='bbox 463 1846 547 1903; x_wconf 84' lang='lat' dir='ltr'>signa</span> <span class='ocrx_word' id='word_1_111' title='bbox 567 1846 648 1885; x_wconf 82' lang='lat' dir='ltr'>sacra</span> <span class='ocrx_word' id='word_1_112' title='bbox 662 1838 749 1884; x_wconf 90' lang='lat' dir='ltr'>noctu</span> <span class='ocrx_word' id='word_1_113' title='bbox 766 1826 897 1902; x_wconf 84' lang='lat' dir='ltr'>frangere</span> <span class='ocrx_word' id='word_1_114' title='bbox 913 1836 944 1884; x_wconf 90' lang='lat'>15</span> 
     </span>
     <span class='ocr_line' id='line_1_17' title="bbox 110 1908 898 1998; baseline 0.004 -22"><span class='ocrx_word' id='word_1_115' title='bbox 110 1929 267 1995; x_wconf 87' lang='lat' dir='ltr'>putaretur,</span> <span class='ocrx_word' id='word_1_116' title='bbox 295 1908 491 1998; x_wconf 78' lang='lat' dir='ltr'>gregalesque,</span> <span class='ocrx_word' id='word_1_117' title='bbox 519 1942 586 1980; x_wconf 89' lang='lat' dir='ltr'>cum</span> <span class='ocrx_word' id='word_1_118' title='bbox 615 1923 644 1994; x_wconf 86' lang='lat' dir='ltr'>in</span> <span class='ocrx_word' id='word_1_119' title='bbox 672 1938 805 1998; x_wconf 77' lang='lat' dir='ltr'>campum</span> <span class='ocrx_word' id='word_1_120' title='bbox 838 1935 898 1981; x_wconf 88' lang='lat' dir='ltr'>non</span> 
     </span>
     <span class='ocr_line' id='line_1_18' title="bbox 83 2009 898 2096; baseline 0.004 -24"><span class='ocrx_word' id='word_1_121' title='bbox 83 2088 87 2096; x_wconf 30' lang='grc' dir='ltr'>Ι</span> <span class='ocrx_word' id='word_1_122' title='bbox 110 2009 244 2088; x_wconf 80' lang='lat' dir='ltr'>venisset,</span> <span class='ocrx_word' id='word_1_123' title='bbox 259 2019 446 2093; x_wconf 85' lang='lat' dir='ltr'>requirerent,</span> <span class='ocrx_word' id='word_1_124' title='bbox 460 2020 607 2077; x_wconf 85' lang='lat' dir='ltr'>excusavit</span> <span class='ocrx_word' id='word_1_125' title='bbox 620 2020 718 2095; x_wconf 83' lang='lat' dir='ltr'>Vespa</span> <span class='ocrx_word' id='word_1_126' title='bbox 730 2018 898 2090; x_wconf 87' lang='lat' dir='ltr'>Terentius,</span> 
     </span>
     <span class='ocr_line' id='line_1_19' title="bbox 111 2113 897 2191; baseline 0.006 -23"><span class='ocrx_word' id='word_1_127' title='bbox 111 2113 186 2187; x_wconf 89' lang='lat' dir='ltr'>quod</span> <span class='ocrx_word' id='word_1_128' title='bbox 201 2131 267 2170; x_wconf 92' lang='lat' dir='ltr'>eum</span> <span class='ocrx_word' id='word_1_129' title='bbox 282 2115 460 2172; x_wconf 88' lang='lat' dir='ltr'>“brachium</span> <span class='ocrx_word' id='word_1_130' title='bbox 475 2114 618 2191; x_wconf 82' lang='lat' dir='ltr'>fregisse&#39;’</span> <span class='ocrx_word' id='word_1_131' title='bbox 634 2116 760 2173; x_wconf 89' lang='lat' dir='ltr'>diceret:</span> <span class='ocrx_word' id='word_1_132' title='bbox 781 2125 813 2172; x_wconf 88' lang='lat' dir='ltr'>ut</span> <span class='ocrx_word' id='word_1_133' title='bbox 828 2114 897 2173; x_wconf 91' lang='lat' dir='ltr'>illud</span> 
     </span>
     <span class='ocr_line' id='line_1_20' title="bbox 111 2209 665 2287; baseline 0.007 -22"><span class='ocrx_word' id='word_1_134' title='bbox 111 2209 252 2281; x_wconf 79' lang='lat' dir='ltr'>Africani,</span> <span class='ocrx_word' id='word_1_135' title='bbox 267 2211 340 2285; x_wconf 84' lang='lat' dir='ltr'>quod</span> <span class='ocrx_word' id='word_1_136' title='bbox 355 2222 398 2286; x_wconf 79' lang='lat' dir='ltr'>est</span> <span class='ocrx_word' id='word_1_137' title='bbox 413 2212 487 2287; x_wconf 88' lang='lat' dir='ltr'>apud</span> <span class='ocrx_word' id='word_1_138' title='bbox 503 2211 665 2269; x_wconf 85' lang='lat' dir='ltr'>Lucilium:</span> 
     </span>
    </p>
   </div>
   <div class='ocr_carea' id='block_1_3' title="bbox 143 2343 943 2512">
    <p class='ocr_par' dir='ltr' id='par_1_3' title="bbox 143 2343 943 2512">
     <span class='ocr_line' id='line_1_21' title="bbox 143 2343 943 2436; baseline 0.024 -23"><span class='ocrx_word' id='word_1_139' title='bbox 143 2345 158 2397; x_wconf 48' lang='grc' dir='ltr'>ἕ(</span> <span class='ocrx_word' id='word_1_140' title='bbox 168 2368 252 2436; x_wconf 71' lang='lat' dir='ltr'>Quid?</span> <span class='ocrx_word' id='word_1_141' title='bbox 285 2367 389 2435; x_wconf 81' lang='lat' dir='ltr'>Decius,</span> <span class='ocrx_word' id='word_1_142' title='bbox 404 2372 532 2421; x_wconf 82' lang='lat' dir='ltr'>Nuculam</span> <span class='ocrx_word' id='word_1_143' title='bbox 550 2388 583 2421; x_wconf 78' lang='lat' dir='ltr'>on</span> <span class='ocrx_word' id='word_1_144' title='bbox 601 2374 729 2425; x_wconf 81' lang='lat' dir='ltr'>confixum</span> <span class='ocrx_word' id='word_1_145' title='bbox 745 2375 784 2425; x_wconf 83' lang='lat' dir='ltr'>vis</span> <span class='ocrx_word' id='word_1_146' title='bbox 798 2343 897 2423; x_wconf 73' lang='lat' dir='ltr'>facere?</span> <span class='ocrx_word' id='word_1_147' title='bbox 911 2382 943 2432; x_wconf 64' lang='lat' dir='ltr'>m</span> 
     </span>
     <span class='ocr_line' id='line_1_22' title="bbox 257 2449 362 2512; baseline 0.038 -17"><span class='ocrx_word' id='word_1_148' title='bbox 257 2449 362 2512; x_wconf 88' lang='lat' dir='ltr'>inquit.&#39;&#39;</span> 
     </span>
    </p>
   </div>
   <div class='ocr_carea' id='block_1_4' title="bbox 108 2591 943 3179">
    <p class='ocr_par' dir='ltr' id='par_1_4' title="bbox 108 2591 943 3179">
     <span class='ocr_line' id='line_1_23' title="bbox 110 2591 898 2668; baseline 0.008 -19"><span class='ocrx_word' id='word_1_149' title='bbox 110 2591 150 2649; x_wconf 89' lang='lat' dir='ltr'>Ut</span> <span class='ocrx_word' id='word_1_150' title='bbox 176 2604 242 2649; x_wconf 89' lang='lat' dir='ltr'>tuus</span> <span class='ocrx_word' id='word_1_151' title='bbox 270 2594 392 2666; x_wconf 85' lang='lat' dir='ltr'>amicus,</span> <span class='ocrx_word' id='word_1_152' title='bbox 415 2596 529 2667; x_wconf 86' lang='lat' dir='ltr'>Crasse,</span> <span class='ocrx_word' id='word_1_153' title='bbox 557 2596 692 2668; x_wconf 89' lang='lat' dir='ltr'>Granius,</span> <span class='ocrx_word' id='word_1_154' title='bbox 721 2603 808 2654; x_wconf 86' lang='lat' dir='ltr'>“non</span> <span class='ocrx_word' id='word_1_155' title='bbox 835 2616 898 2656; x_wconf 89' lang='lat' dir='ltr'>esse</span> 
     </span>
     <span class='ocr_line' id='line_1_24' title="bbox 110 2687 897 2773; baseline 0.005 -28"><span class='ocrx_word' id='word_1_156' title='bbox 110 2687 275 2745; x_wconf 83' lang='lat' dir='ltr'>sextantis.”</span> <span class='ocrx_word' id='word_1_157' title='bbox 317 2688 364 2761; x_wconf 88' lang='lat' dir='ltr'>Et,</span> <span class='ocrx_word' id='word_1_158' title='bbox 392 2689 416 2745; x_wconf 86' lang='lat' dir='ltr'>si</span> <span class='ocrx_word' id='word_1_159' title='bbox 434 2690 580 2770; x_wconf 78' lang='lat' dir='ltr'>queritis,</span> <span class='ocrx_word' id='word_1_160' title='bbox 608 2690 642 2762; x_wconf 84' lang='lat' dir='ltr'>is,</span> <span class='ocrx_word' id='word_1_161' title='bbox 666 2691 716 2766; x_wconf 51' lang='lat' dir='ltr'>¹qui</span> <span class='ocrx_word' id='word_1_162' title='bbox 741 2692 897 2773; x_wconf 86' lang='lat' dir='ltr'>appellatur</span> 
     </span>
     <span class='ocr_line' id='line_1_25' title="bbox 109 2784 925 2862; baseline 0.006 -22"><span class='ocrx_word' id='word_1_163' title='bbox 109 2784 205 2856; x_wconf 81' lang='lat' dir='ltr'>dicax,</span> <span class='ocrx_word' id='word_1_164' title='bbox 228 2784 284 2841; x_wconf 92' lang='lat' dir='ltr'>boc</span> <span class='ocrx_word' id='word_1_165' title='bbox 305 2804 421 2862; x_wconf 79' lang='lat' dir='ltr'>genere,</span> <span class='ocrx_word' id='word_1_166' title='bbox 434 2786 558 2843; x_wconf 86' lang='lat' dir='ltr'>maxime</span> <span class='ocrx_word' id='word_1_167' title='bbox 582 2787 721 2845; x_wconf 77' lang='lat' dir='ltr'>excellett</span> <span class='ocrx_word' id='word_1_168' title='bbox 744 2788 800 2845; x_wconf 83' lang='lat' dir='ltr'>sed</span> <span class='ocrx_word' id='word_1_169' title='bbox 823 2789 898 2845; x_wconf 86' lang='lat' dir='ltr'>risus</span> <span class='ocrx_word' id='word_1_170' title='bbox 922 2819 925 2824; x_wconf 94' lang='lat'><em>·</em></span> 
     </span>
     <span class='ocr_line' id='line_1_26' title="bbox 109 2881 898 2961; baseline 0.004 -23"><span class='ocrx_word' id='word_1_171' title='bbox 109 2891 224 2939; x_wconf 78' lang='lat' dir='ltr'>movent</span> <span class='ocrx_word' id='word_1_172' title='bbox 245 2881 301 2939; x_wconf 85' lang='lat' dir='ltr'>alia</span> <span class='ocrx_word' id='word_1_173' title='bbox 319 2882 447 2957; x_wconf 86' lang='lat' dir='ltr'>majores.</span> <span class='ocrx_word' id='word_1_174' title='bbox 497 2884 677 2961; x_wconf 86' lang='lat' dir='ltr'>Ambiguum</span> <span class='ocrx_word' id='word_1_175' title='bbox 696 2903 746 2960; x_wconf 90' lang='lat' dir='ltr'>per</span> <span class='ocrx_word' id='word_1_176' title='bbox 760 2902 791 2940; x_wconf 90' lang='lat' dir='ltr'>se</span> <span class='ocrx_word' id='word_1_177' title='bbox 805 2886 898 2961; x_wconf 85' lang='lat' dir='ltr'>ipsum</span> 
     </span>
     <span class='ocr_line' id='line_1_27' title="bbox 108 2979 943 3055; baseline 0.004 -21"><span class='ocrx_word' id='word_1_178' title='bbox 108 2979 245 3055; x_wconf 87' lang='lat' dir='ltr'>probatur</span> <span class='ocrx_word' id='word_1_179' title='bbox 265 2979 296 3036; x_wconf 93' lang='lat' dir='ltr'>id</span> <span class='ocrx_word' id='word_1_180' title='bbox 315 2979 441 3055; x_wconf 90' lang='lat' dir='ltr'>quidem,</span> <span class='ocrx_word' id='word_1_181' title='bbox 462 2989 496 3037; x_wconf 90' lang='lat' dir='ltr'>ut</span> <span class='ocrx_word' id='word_1_182' title='bbox 515 2990 582 3037; x_wconf 89' lang='lat' dir='ltr'>aute</span> <span class='ocrx_word' id='word_1_183' title='bbox 602 2980 671 3052; x_wconf 82' lang='lat' dir='ltr'>dixi,</span> <span class='ocrx_word' id='word_1_184' title='bbox 692 2981 736 3039; x_wconf 87' lang='lat' dir='ltr'>vel</span> <span class='ocrx_word' id='word_1_185' title='bbox 757 2981 896 3039; x_wconf 84' lang='lat' dir='ltr'>maxime:</span> <span class='ocrx_word' id='word_1_186' title='bbox 910 2985 943 3036; x_wconf 72' lang='lat'>25</span> 
     </span>
     <span class='ocr_line' id='line_1_28' title="bbox 110 3074 931 3179; baseline 0.007 -47"><span class='ocrx_word' id='word_1_187' title='bbox 110 3074 253 3153; x_wconf 78' lang='lat' dir='ltr'>ingeniosi</span> <span class='ocrx_word' id='word_1_188' title='bbox 272 3077 351 3135; x_wconf 90' lang='lat' dir='ltr'>euim</span> <span class='ocrx_word' id='word_1_189' title='bbox 364 3077 486 3151; x_wconf 84' lang='lat' dir='ltr'>ridetur,</span> <span class='ocrx_word' id='word_1_190' title='bbox 500 3077 559 3137; x_wconf 81' lang='lat' dir='ltr'>rim</span> <span class='ocrx_word' id='word_1_191' title='bbox 572 3078 651 3137; x_wconf 84' lang='lat' dir='ltr'>verbi</span> <span class='ocrx_word' id='word_1_192' title='bbox 665 3077 696 3137; x_wconf 90' lang='lat' dir='ltr'>in</span> <span class='ocrx_word' id='word_1_193' title='bbox 711 3078 798 3150; x_wconf 86' lang='lat' dir='ltr'>aliud,</span> <span class='ocrx_word' id='word_1_194' title='bbox 814 3086 931 3179; x_wconf 44' lang='lat' dir='ltr'>atque‘„</span> 
     </span>
    </p>
   </div>
   <div class='ocr_carea' id='block_1_5' title="bbox 0 0 1063 3417">
    <p class='ocr_par' dir='ltr' id='par_1_5' title="bbox 0 0 1063 3417">
     <span class='ocr_line' id='line_1_29' title="bbox 0 0 1063 3417; baseline 0 0"><span class='ocrx_word' id='word_1_195' title='bbox 0 0 1063 3417; x_wconf 95' lang='lat' dir='ltr'> </span> 
     </span>
    </p>
   </div>
  </div>
 </body>
</html>
