2109 3417
130 273 212 339 un]
413 273 457 325 on
477 274 640 327 emporus
924 259 962 321 10

129 421 335 483 discedendum
361 432 412 480 est.
453 420 521 481 Non
548 422 635 495 enim,
662 422 737 481 sicut
765 427 915 499 argumen-

129 529 201 589 tum,
215 519 299 575 simul
313 529 398 595 atque
416 519 540 594 positum
557 530 609 590 est,
625 518 767 594 arripitur,
783 519 915 577 alterum·

130 633 185 689 que
197 626 234 672 -et
253 615 368 673 tertium
388 616 526 691 poscitur,
547 616 587 673 itu
608 616 843 686 misericordium,
865 624 914 673 unt

131 706 275 781 invidiam,
291 720 339 769 cut
359 710 547 780 iracundiam,
564 711 647 768 simul
670 720 753 787 etque
772 710 912 781 intuleris,

128 806 221 881 possis
248 824 435 864 commovere.
490 806 703 884 Argumentum
735 807 812 865 enim
839 807 945 867 ratio5

128 902 190 977 ipsa
221 902 382 973 confirmat,
409 919 472 977 quae
486 902 584 967 ‚simul
619 913 702 977 atque
729 903 833 961 emissa
859 914 912 974 est,

130 999 314 1057 adhaerescit:
348 999 419 1056 illud
449 1009 543 1057 antem
571 1018 663 1076 genus
689 1000 827 1057 orationis
853 1017 912 1059 nou

128 1096 324 1172 cognitionem
341 1095 458 1171 judicis,
477 1096 528 1153 sed
548 1096 640 1173 magis
659 1097 913 1173 perturbationem,

127 1191 255 1267 requirit,
276 1210 361 1268 quarn
385 1193 531 1268 consequi,
552 1192 608 1249 nisi
629 1193 718 1251 multi
737 1203 766 1250 et
786 1194 864 1251 varii
884 1204 913 1251 et

128 1289 246 1363 copiosi
266 1289 405 1361 oratione,
419 1300 449 1346 et
467 1289 554 1348 simili
575 1290 760 1347 contentione
782 1290 960 1361 actionis,10

128 1403 214 1441 nemo
233 1394 333 1460 potest.
373 1386 484 1455 Quare,
498 1386 548 1459 qui
571 1395 618 1442 aut
639 1385 760 1443 breviter
782 1396 829 1443 aut
849 1387 916 1445 sub-

128 1480 215 1540 misse
237 1480 348 1553 dicunt,
368 1482 474 1539 decore
490 1481 618 1557 judicem
638 1491 768 1556 possunt,
789 1500 915 1539 eommo-

127 1596 194 1634 rere
220 1594 279 1635 non
304 1587 440 1654 possunt;
471 1578 501 1635 in
526 1596 582 1651 quo
608 1587 675 1635 sunt
701 1576 806 1634 omnin
848 1576 914 1635 Jam

127 1673 199 1732 illud
217 1673 401 1750 perspicuum
421 1684 474 1746 est,
488 1673 617 1731 omniurn
637 1691 732 1731 rerum
753 1671 783 1729 in
801 1682 914 1731 eontra·

127 1770 185 1845 ries
211 1781 305 1846 partes
338 1770 503 1828 facultatem
536 1788 572 1827 ex
604 1769 706 1828 iisdem
739 1768 913 1845 suppeditari
930 1777 960 1825 15

126 1865 208 1925 locis
250 1868 308 1924 Sed
329 1876 496 1943 argumento
515 1866 705 1925 resistendum
724 1875 777 1937 est,
799 1866 913 1937 antiis,

128 1982 191 2037 qum
211 1963 416 2040 comprobandi
437 1964 499 2039 ejus
522 1964 611 2021 cousi
638 1974 798 2035 sumuntur,
818 1982 914 2039 repre·

127 2059 297 2130 hendendis,
327 2071 376 2119 aut
409 2060 641 2131 demonstrando,
669 2060 707 2131 id,
735 2060 812 2134 quod
845 2078 914 2118 oon·

128 2155 244 2214 cludere
265 2155 306 2214 illi
327 2157 424 2228 velint,
444 2176 502 2215 non
524 2157 600 2215 effici
619 2176 655 2213 err
674 2157 836 2233 propositis,
857 2176 913 2215 nec
943 2203 945 2208 .

128 2271 191 2311 esse
203 2272 400 2328 consequens:
421 2263 480 2323 aut,
493 2253 519 2311 si
533 2254 573 2313 ita
585 2272 643 2311 non
659 2254 781 2325 refellas,
797 2254 914 2311 afferen-
928 2262 959 2313 20

129 2348 198 2404 dum
224 2358 268 2406 est
293 2348 324 2405 in
351 2350 523 2407 contrariam
554 2360 673 2424 partem,
699 2349 774 2423 quod
801 2348 838 2406 sit
865 2358 914 2406 aut

128 2442 253 2520 gravi-us,
275 2454 322 2501 aut
342 2464 423 2518 aeque
441 2463 535 2521 grave.
578 2444 632 2502 llla
656 2454 760 2515 eutem,
782 2464 844 2520 quoe
865 2455 914 2505 unt

129 2539 339 2598 conciliationis
372 2542 459 2597 cousi
496 2540 608 2612 leniter,
643 2551 691 2599 aut
726 2542 914 2617 permotionis

128 2635 311 2717 vehementer
340 2646 471 2712 aguntur,
493 2637 644 2697 contrariis
671 2638 914 2697 commotionibus

129 2731 279 2793 inferenda
311 2743 387 2803 sunt,
414 2742 445 2789 ut
470 2733 538 2792 odio
571 2733 779 2806 benevolentia,
806 2734 915 2793 miseri·
928 2744 961 2794 25

128 2826 229 2887 cerdici
244 2826 360 2900 invidia,
374 2827 497 2887 tollatur.

169 3019 246 3081 LIV.
275 3021 379 3086 suris
398 3032 494 3086 estem
511 3032 568 3097 est,
588 3032 619 3081 et
638 3020 819 3083 vehementer
839 3006 915 3097 sepe
