2109 3417
116 308 148 357 1..
157 310 213 371 m]
402 312 446 360 ns
467 310 641 358 osannae.-
895 298 948 359 tot

3 488 11 500 ·
114 523 116 527 ,
158 459 229 519 XII.
259 460 371 536 Quare,
385 480 452 519 oum
471 461 509 519 sit
527 460 658 537 quedam
677 468 757 519 oerta
775 476 831 518 rox
845 457 905 517 llo·

116 556 199 614 mani
223 558 338 635 generis
366 559 502 633 urbisque
534 557 659 634 propria,
686 556 717 615 in
743 556 800 633 qul
831 553 904 613 nihil

117 652 237 725 offendi,
251 654 322 712 nihil
335 654 498 730 displicere,
511 653 584 711 nihil
605 652 791 711 animadverti
803 651 903 729 possit,

117 748 191 807 nihil
209 768 312 808 sonare
331 760 381 809 aut
399 751 478 809 olere
496 749 695 827 peregrinum3
716 749 792 807 hano
804 767 904 824 sequa·

116 863 199 917 mur;
227 864 320 923 neque
346 847 439 904 solum
465 846 602 905 rnstioam
636 845 826 922 asperitatem,
852 844 933 903 sedo

116 940 205 999 etiam
223 942 404 1019 peregrinam
424 941 614 1014 insolentiam,
631 940 729 1019 sugere
749 940 901 999 diseamus.

115 1036 271 1113 Equidem,
298 1056 365 1095 oum
392 1038 478 1108 audio
510 1026 626 1096 suorum
659 1056 752 1096 meam
784 1036 902 1096 Lelism

117 1132 247 1211 (facilius
259 1134 337 1192 enim
351 1134 484 1193 mulieres
497 1134 691 1210 incorruptam
706 1133 903 1210 antiquitatem

116 1240 298 1302 conservant,
317 1231 405 1306 quod,
425 1230 579 1290 multorum
599 1230 737 1288 sermonis
762 1241 901 1307 expertes,

115 1344 153 1383 ea
171 1335 272 1383 tenent
290 1344 412 1402 sempor,
432 1344 496 1401 quar
514 1326 608 1402 prima
630 1325 823 1404 didicerunt);
851 1326 900 1383 sed
916 1334 947 1383 1⁰

116 1439 182 1479 eam
205 1422 248 1480 sio
271 1422 367 1493 audio,
391 1432 423 1480 ut
444 1421 577 1487 Plautum
600 1421 671 1479 mihi
694 1431 744 1479 aut
769 1421 902 1481 Navium

117 1517 214 1576 ridear
240 1519 356 1577 audire:
389 1535 461 1575 sono
486 1517 549 1593 ipso
582 1516 662 1575 roois
693 1515 735 1575 ita
765 1526 846 1589 reolo
872 1528 902 1575 st

117 1614 241 1692 simplici
254 1626 308 1689 est,
322 1625 355 1674 ut
367 1615 438 1674 nihil
452 1614 651 1673 ostentationis
672 1624 720 1673 aut
734 1614 901 1673 imitationis

118 1712 218 1769 afferre
237 1712 383 1791 rideatur:
405 1730 441 1769 ex
460 1730 517 1786 quo
538 1710 581 1768 sio
601 1710 730 1768 locutum
750 1728 813 1767 esse
838 1710 900 1786 ejus

116 1817 226 1883 patrem
243 1801 354 1884 judico,
368 1807 411 1865 sio
430 1808 568 1884 majores;
589 1826 648 1865 non
669 1824 777 1883 aspere,
792 1816 824 1864 ut
841 1806 900 1879 ille,
915 1805 946 1855 15

117 1921 203 1978 quern
223 1903 291 1976 dixi,
312 1922 370 1961 non
390 1914 478 1975 vaste,
498 1921 557 1960 non
578 1902 694 1975 rustice,
715 1922 773 1961 non
793 1902 900 1975 hiulce,

117 1998 167 2056 sed
192 1997 309 2075 presse,
326 2009 356 2058 et
381 1998 567 2076 aequabiliter,
594 2009 623 2057 et
648 1998 759 2057 leniter.
798 1998 901 2061 Quare

117 2095 204 2154 Cotta
222 2106 328 2169 noster,
342 2096 425 2172 oujus
437 2108 469 2153 tu
485 2095 535 2154 illa
553 2095 621 2167 lata,
636 2094 757 2172 Sulpici,
771 2114 901 2154 nonnun-

117 2209 201 2266 quam
215 2191 345 2264 imitaris,
359 2203 391 2250 ut
404 2193 464 2250 iota
477 2191 588 2250 literam
604 2191 696 2263 tollas,
710 2201 739 2249 et
752 2190 785 2249 Ε
797 2190 901 2268 plenis

118 2287 220 2345 simum
240 2288 330 2360 dieas,
350 2307 408 2347 non
435 2287 505 2346 milri
531 2297 658 2346 oratores
685 2287 824 2364 antiquos,
848 2288 899 2347 sed
912 2292 944 2344 2⁰

118 2400 266 2455 messores,
280 2383 391 2442 ridetur
404 2383 518 2442 imitari.

156 2476 217 2536 Hie
239 2496 306 2537 eum
329 2480 469 2537 arrisisset
491 2480 553 2558 ipse
576 2479 731 2556 Sulpicius,
746 2480 797 2539 Sio
817 2500 900 2559 agam

118 2572 274 2646 robisonrn,
288 2574 382 2650 inquit
401 2574 532 2648 Crassus,
546 2585 587 2647 ut,
602 2575 736 2651 quoniam
757 2595 803 2635 me
820 2576 900 2653 loqui

118 2669 255 2741 voluistis,
270 2669 376 2745 aliquid
396 2670 433 2727 de
451 2671 553 2729 vestris
572 2671 649 2729 vitiis
669 2672 800 2734 audiatis.
839 2673 901 2732 Uti·

118 2785 183 2825 nam
203 2764 334 2841 quidem!
362 2765 455 2842 inquit
473 2766 538 2825 ille:
563 2768 592 2825 id
612 2767 689 2827 enim
710 2767 802 2844 ipsum
821 2769 943 2828 volu-ss

118 2882 196 2933 mus;
223 2861 311 2937 idque
328 2861 354 2919 si
374 2861 486 2935 seueris,
506 2862 597 2921 multa
624 2862 669 2941 (ut
696 2864 831 2944 arbitror)
852 2865 901 2925 hie

118 2958 203 3017 hodie
221 2958 292 3017 vitia
309 2975 457 3034 ponemus.
511 2958 552 3017 At
573 2958 650 3017 enirn
670 2976 729 3018 non
753 2959 816 3019 rins
835 2980 901 3020 meo

118 3053 256 3133 perieulo,
281 3053 404 3114 Orassm
436 3053 540 3133 inquit,
571 3072 697 3133 possum,
723 3054 845 3133 Sulpici,
871 3066 901 3113 te

348 3150 396 3210 ps
