2109 3417
138 336 220 396 auu
423 319 467 382 nu
488 332 652 382 amnone.
937 316 979 374 77

137 512 140 521 ·
180 466 251 541 Ηὶέ
270 483 366 542 autem
398 483 498 542 formis
532 492 617 559 atque
648 479 828 557 corporibus,
855 476 931 535 sieut

139 581 273 639 omnibus
293 600 356 655 quae
376 581 429 638 sub
450 590 597 656 aspectum
617 578 745 648 veniunt,
762 576 930 634 admonetur

140 677 280 736 memoria
299 688 405 747 nemra,
421 685 506 751 atque
526 675 684 733 excitatur:
706 672 757 731 sed
771 672 844 729 locis
858 688 930 746 opus

141 782 200 829 est:
221 773 327 830 etenim
340 792 443 848 eorpus
457 771 579 849 intelligi
594 772 657 830 sine
670 770 736 827 loco
747 788 805 826 non
819 774 929 844 potest:

139 887 237 944 quare,
258 888 295 927 ne
316 868 346 925 in
366 887 397 925 re
423 868 492 926 noti
518 878 547 925 et
573 866 740 943 pervulgati
767 864 874 922 multus
901 870 963 919 stt

139 963 267 1021 Insciens
286 964 349 1036 sim,
371 964 443 1021 loeis
464 959 507 1021 est
527 964 669 1021 utendum
686 962 794 1033 multis,
815 960 930 1018 illustri·

138 1060 202 1132 bus,
224 1061 382 1137 explicatis,
403 1059 526 1122 modieis
553 1060 725 1129 intervallis;
754 1056 929 1135 imaginibus

139 1168 233 1215 autem
256 1157 416 1233 agentibus,
432 1157 556 1227 acribus,
574 1156 730 1233 insignitis,
744 1174 807 1229 quae
828 1172 930 1211 occur·

137 1270 211 1325 rere,
241 1245 430 1328 celeriterque
462 1262 613 1328 percutere
649 1251 776 1309 animum
808 1248 927 1327 possint.

136 1348 236 1410 Quam
259 1348 423 1406 facultatem
444 1357 473 1405 et
492 1347 661 1405 exercitatio
689 1346 784 1416 dabit3
813 1364 849 1403 ex
873 1346 929 1421 qud
947 1356 977 1405 10

137 1444 318 1502 consuetudo
330 1444 474 1521 gignitum
496 1454 525 1500 et
539 1442 674 1500 similium
689 1442 839 1499 verborum
860 1459 930 1499 con·

136 1558 219 1598 versa
232 1526 261 1598 et
275 1541 423 1598 immutata
443 1541 567 1611 casibus,
584 1549 632 1597 aut
652 1537 786 1596 traducta
799 1556 834 1593 ex
849 1546 929 1613 parte

137 1637 174 1695 ad
193 1656 286 1715 genus
305 1638 424 1709 notatio,
438 1646 477 1707 et,
492 1636 578 1693 unius
591 1635 670 1693 verbi
689 1633 825 1710 imagine,
840 1632 928 1690 totius

134 1734 286 1791 sententie
307 1732 479 1804 informatio,
500 1731 619 1809 pictoris
646 1730 796 1807 cujusdam
824 1729 927 1786 summi

136 1829 249 1887 ratione
268 1840 297 1887 et
317 1830 412 1902 modo,
433 1829 588 1887 formarum
609 1825 746 1886 varietate
772 1826 854 1884 locos
874 1824 930 1883 dis·
946 1836 977 1886 15

135 1926 303 2004 tinguentia

175 2118 378 2180 LXXXVIII.
410 2122 469 2179 Sed
503 2122 653 2179 verborum
688 2118 836 2191 memoria,
863 2138 927 2196 quae
964 2187 967 2196 1

134 2217 231 2275 minus
255 2228 299 2274 est
326 2218 410 2275 nobis
437 2211 612 2289 necessaria,
633 2216 741 2293 majore
769 2214 928 2292 imaginum

135 2312 273 2371 varietate
293 2314 494 2391 distinguitur:
518 2313 610 2371 multa
636 2314 712 2371 euim
741 2322 807 2369 sunt
830 2312 926 2383 verba,

135 2425 209 2482 quae,
230 2409 311 2483 quasi
332 2410 455 2482 articuli,
475 2418 654 2467 connectunt
674 2409 803 2465 membra
823 2407 927 2465 oratio-
942 2415 974 2465 20

134 2502 191 2573 nis,
218 2522 281 2578 quae
308 2503 423 2562 formari
457 2504 646 2562 similitudine
680 2503 759 2560 nulli
788 2512 925 2579 possunt:

135 2616 236 2655 eorum
262 2598 404 2677 fingendae
429 2600 514 2657 nobis
536 2606 610 2658 ‘sunt
644 2599 794 2677 imagines,
821 2598 926 2674 quibus

33 2691 36 2696 ’
134 2712 248 2770 semper
274 2704 396 2753 utamur.
437 2695 549 2752 Rerum
577 2694 716 2753 memoria
740 2695 857 2771 propria
883 2691 927 2752 est

133 2790 273 2849 oratoris:
307 2809 381 2863 eam,
409 2790 531 2869 singulis
556 2792 688 2868 personis
714 2791 789 2849 bene
814 2791 925 2867 positis,

132 2897 235 2947 notare
260 2906 420 2965 possumus,
441 2896 474 2945 ut
494 2888 652 2946 sententias
676 2887 860 2965 Imaginibus,
882 2905 926 2946 cr·
941 2896 973 2945 25

133 2984 231 3042 dinem
256 2983 341 3057 loeis,
365 2971 651 3062 comprehendamus.
693 2982 806 3060 Neque*
826 2974 925 3041 verum

132 3089 187 3155 est,
207 3081 286 3158 quod
313 3082 349 3140 ab
369 3081 654 3154 inertibusdicitur,
678 3080 801 3159 opprimi
821 3096 925 3137 memo-

369 3176 418 3237 71
