2109 3417
12 360 17 405 ,ι
101 331 195 390 ern]
299 331 301 334 ·
383 328 426 375 nn
448 279 612 375 carrona.
879 316 936 376 149

13 528 17 567 ἰ
102 478 240 548 dixerim3
263 476 438 554 Charybdim
451 478 591 548 bonorum,
606 477 767 552 voraginem
779 474 889 553 potius:

103 573 217 632 facilius
237 574 314 631 enirn
336 575 370 631 ad
384 593 419 631 ea
433 594 495 647 quae
509 574 579 645 visa,
595 588 679 648 quam
701 573 737 631 ad
758 573 807 630 illa
828 592 890 647 quae

104 671 202 727 audita
215 680 290 741 sunt,
304 670 408 728 mentis
421 670 499 727 oculi
514 670 652 727 feruntur.
693 668 741 741 Et,
757 670 892 743 quoniam

13 825 15 846 Ι
103 767 167 823 haec
181 766 224 823 vel
239 786 350 823 summa
370 766 432 824 laus
453 777 496 842 est
515 766 609 823 verbi-s
629 766 844 837 transferendis,
860 774 892 822 ut

12 850 15 860 ⁴
104 882 218 920 sensum
240 863 322 920 seriat
341 863 380 934 id,
395 863 471 937 quod
492 862 660 920 translatum
681 862 719 919 sit
727 882 734 932 ;
757 862 922 939 fugienda5

13 1021 14 1028 ἵ
104 966 147 1013 est
161 957 254 1013 omnis
267 958 413 1032 turpitudo
426 976 524 1014 earnm
539 974 644 1028 rerum,
661 957 694 1013 ad
710 976 779 1031 quas
794 975 893 1014 eorum

104 1052 223 1123 animos,
246 1053 294 1127 qui
323 1054 452 1123 audiunt,
475 1053 567 1109 trahet
595 1052 760 1109 similitudo.
814 1051 893 1107 Nolo

13 1143 14 1150 '
104 1155 196 1203 morte
222 1146 282 1204 dici
309 1146 442 1204 Africani
469 1154 625 1203 castratam
653 1158 715 1203 esse
741 1144 894 1221 rempubli-

13 1311 14 1314 ,
105 1257 186 1297 carn:
207 1240 275 1296 nolo
296 1248 401 1296 stercus
423 1240 508 1295 carice
529 1238 587 1296 dici
607 1240 775 1297 Glauciam:
797 1258 894 1314 quam·

13 1335 14 1344 ’
104 1336 148 1392 vis
174 1336 211 1392 sit
238 1336 341 1406 simile,
365 1345 462 1391 tamen
486 1345 530 1390 est
557 1335 587 1390 in
613 1344 735 1409 utroque
759 1335 894 1392 deformis
909 1340 939 1389 10

105 1429 245 1506 cogitatio
272 1430 475 1486 similitudinis.
532 1429 611 1486 Nolo
637 1448 701 1485 esse
729 1441 777 1486 aut
803 1431 894 1506 majus

13 1529 14 1534 ’
105 1545 191 1601 quam
205 1544 251 1581 res
267 1526 400 1600 postulet,
421 1526 581 1601 Tempestas
603 1526 824 1588 commenticium·
847 1537 895 1584 aut

13 1631 14 1704 ζ
106 1622 212 1693 miuus,
235 1623 402 1679 comissatio
421 1623 601 1697 tenpestatis.
655 1620 731 1679 Nolo
752 1638 815 1677 esse
835 1640 896 1678 ver·

13 1710 14 1730 ¹
106 1720 176 1775 bum
205 1719 353 1795 angustius
379 1719 407 1775 id
435 1719 511 1793 quod
538 1718 705 1775 translatum
738 1716 784 1789 sit,
810 1735 895 1792 quam

107 1814 208 1871 suisset
223 1815 293 1872 illud
306 1816 451 1892 proprium
468 1834 502 1872 ac
515 1822 615 1872 suum:
910 1820 941 1869 15

163 1960 315 2019 “Quidnam
326 1966 372 2021 est,
383 1960 500 2008 obsecro?
517 1960 576 2023 quid
587 1966 611 2008 te
623 1960 684 2007 adiri
695 1959 817 2010 abnutas?
826 1960 841 1981 ’¹

106 2104 211 2162 melius
225 2116 310 2176 esset,
324 2114 413 2177 umas,
425 2073 567 2181 prolibat,
581 2104 737 2163 absterret:
760 2104 896 2180 quoniam

107 2199 157 2258 ille
169 2202 292 2273 dixerat,-

134 2348 151 2376 “
160 2346 230 2395 Illico
241 2349 306 2411 istic,
316 2364 348 2397 ne
359 2348 475 2413 contagio
486 2364 543 2397 mea
552 2348 632 2409 bonis,
643 2347 770 2409 umbrave,
781 2346 869 2395 obsit.’'

149 2490 246 2565 Atque
278 2490 375 2562 etiam,
402 2493 426 2549 si
457 2510 582 2562 vereare,
610 2510 648 2548 ne
679 2491 765 2568 paulo
798 2491 941 2549 duriora)

107 2586 257 2647 translatio
271 2607 333 2644 esse
347 2588 486 2658 videatur,
501 2588 657 2645 mollienda
676 2598 729 2660 est,
744 2588 897 2665 preposito

108 2701 184 2758 saepe
211 2685 314 2742 verbo:
348 2694 380 2741 ut
406 2684 431 2741 si
457 2685 536 2757 olim,
565 2683 607 2741 M.
635 2684 747 2741 Catone
773 2694 895 2755 mortuo,

102 2781 247 2858 pupillum
266 2790 396 2837 senatum
421 2780 484 2854 quis
511 2780 642 2837 relictum
670 2780 789 2849 diceret,
810 2780 896 2854 paulo

108 2877 225 2947 durius3
254 2877 309 2947 sin,
329 2884 361 2932 ut
387 2877 433 2932 itu
457 2876 560 2946 dicun,
577 2876 728 2951 pupillum,
751 2876 895 2950 aliquanto

107 2973 214 3031 mitius.
256 2972 371 3030 Etenim
386 2972 549 3030 verecunda
564 2972 649 3029 debet
662 2989 725 3028 esse
738 2969 894 3041 translatio,
908 2970 940 3021 25

108 3078 142 3126 ut
154 3068 280 3128 deducta
292 3068 322 3126 in
337 3067 462 3126 alienum
476 3068 583 3140 locum,
597 3086 655 3127 non
669 3066 795 3137 irruisse,
811 3074 895 3140 atque

346 3165 383 3223 13
393 3163 411 3199 ⁴*
