2109 3417
99 260 127 305 n.
139 259 170 319 1.1
379 224 422 306 nn
444 257 607 306 onanona.
874 245 926 302 101

99 408 160 482 qui,
187 408 212 465 si
235 408 293 484 jem
319 405 356 466 sit
382 408 570 466 ediscendum
596 407 651 465 sibi
679 407 797 482 aliquid,
824 423 883 464 non

99 504 249 563 Teucrum
270 504 388 562 Pacuvii
409 505 498 576 malit,
512 523 598 580 quam
615 504 788 562 Manilianas
801 523 884 561 vena·

98 602 170 660 lium
185 603 397 662 vendendorum
411 604 500 680 leges,
515 603 652 660 ediscere.
693 602 770 659 Tum
789 613 883 660 eutem

100 700 178 774 quod
199 719 294 757 amore
313 701 411 775 patriae
432 719 533 758 censes
552 719 604 758 nos
624 709 784 757 nostrorum
798 699 884 774 mejo-

100 815 164 852 rum
188 796 303 854 inventa
325 796 410 854 nosse
431 797 551 866 debere3
581 816 638 854 non
663 797 750 866 vides,
774 805 913 854 veteteno

100 893 180 968 leges
207 903 255 949 aut
281 892 355 968 ipsae
382 893 434 950 aad
453 903 594 950 vetustate
618 893 813 964 consenuisse,
836 904 884 950 aut

100 988 183 1044 novis
201 988 313 1065 legibus
332 1007 396 1046 esse
415 989 559 1046 subiatas?
611 989 701 1050 Quod
722 1008 788 1046 vero
808 989 884 1046 viros

100 1085 192 1142 bonos
221 1085 285 1161 jure
311 1086 389 1143 civili
415 1085 477 1143 fieri
502 1096 596 1161 putes,
623 1085 691 1160 quie
716 1086 828 1163 iegibus
854 1095 883 1142 et

99 1180 217 1258 praemia
247 1181 393 1257 proposita
423 1182 481 1239 sint
510 1181 662 1239 virtutibus
689 1192 718 1238 et
743 1181 883 1257 supplicia

100 1277 193 1347 vitiis3
214 1278 346 1352 equidem
357 1279 503 1353 putabam,
518 1277 650 1335 virtutem
665 1277 829 1340 hominibus
844 1277 882 1354 (si
897 1287 928 1336 1⁰

100 1374 186 1432 modo
206 1374 280 1431 tradi
297 1373 408 1431 ratione
421 1373 525 1453 possit)
541 1373 715 1431 instituendo
728 1384 757 1430 et
769 1393 883 1450 persua·

100 1471 206 1542 dendo,
226 1489 285 1528 non
307 1469 392 1528 minis
411 1481 441 1527 et
459 1470 486 1527 ai
508 1489 543 1527 ec
564 1480 651 1541 metu,
672 1471 754 1528 tradi.
805 1470 883 1528 Nam

101 1566 193 1642 ipsum
207 1566 321 1641 quidem
337 1566 416 1636 illud,
430 1565 517 1623 etiam
533 1566 595 1623 sine
616 1566 782 1642 cognitione
799 1567 882 1642 juris,

100 1681 187 1738 quam
206 1662 244 1720 sit
263 1662 369 1720 bellum
390 1681 490 1720 cavere
503 1662 621 1732 maium,
635 1661 710 1718 scire
723 1679 881 1737 possumus.

100 1759 147 1817 Dc
166 1769 325 1818 meantem
340 1758 411 1834 ipso,
426 1758 474 1816 cui
494 1758 545 1815 ani
558 1768 590 1814 tn
603 1757 749 1829 concedis,
764 1768 806 1828 ut,
820 1757 883 1815 sine
898 1759 929 1808 15

100 1853 160 1914 unt
171 1855 243 1933 juris
260 1855 391 1926 scientiis,
405 1866 501 1913 tamen
522 1853 617 1911 causis
637 1853 801 1911 satisfacere
820 1872 884 1930 pos·

99 1953 166 2024 sim,
192 1953 244 2010 tibi
277 1952 343 2022 hoc,
370 1952 484 2022 Crasse,
511 1950 679 2026 respondeo,
711 1968 804 2025 neque
836 1969 883 2009 me

99 2067 226 2122 unquam
244 2048 291 2124 jus
311 2047 395 2105 civile
415 2047 561 2118 didicisse,
576 2057 669 2120 neque
683 2056 787 2118 tamen,
803 2046 832 2104 in
847 2046 883 2104 iis

100 2145 197 2202 causis
217 2145 335 2218 quasin
353 2145 417 2220 jure
437 2162 548 2219 possem
572 2143 735 2214 defendere,
756 2161 882 2218 unquam

101 2240 185 2298 istam
205 2240 354 2297 scientiam
380 2240 566 2297 desiderdsae.
621 2239 711 2296 Aliud
731 2250 775 2298 est
794 2241 881 2311 enim,
895 2247 927 2297 2⁰

101 2355 166 2394 esse
198 2336 335 2394 artificem
369 2335 517 2412 cujusdam
550 2335 664 2412 generis
694 2346 778 2411 atque
805 2337 882 2409 artis,

102 2433 180 2490 aliud
200 2432 230 2490 in
250 2433 396 2489 communi
411 2432 467 2489 vitai
481 2443 510 2489 et
524 2432 633 2509 vulgari
653 2432 800 2490 hominum
817 2452 884 2491 con·

101 2529 254 2586 suetudine
273 2547 327 2586 nec
348 2528 479 2586 hebetem
499 2547 555 2586 nec
581 2529 688 2587 rudem.
744 2529 799 2588 Cui
821 2549 884 2587 nos·

101 2625 178 2683 triam
204 2643 263 2682 non
288 2624 357 2682 licet
383 2624 486 2682 fundos
512 2635 625 2682 nostros
652 2626 741 2698 obire,
767 2636 883 2684 autres

101 2721 233 2793 rusticas,
255 2721 297 2779 vel
318 2722 428 2780 fructais
447 2722 536 2780 causti
555 2723 599 2780 vel
619 2722 827 2795 delectationis,
842 2724 883 2781 in·
894 2729 926 2778 25

101 2818 213 2876 visere!
233 2829 329 2877 tamen
348 2838 433 2876 nemo
452 2828 511 2876 tam
531 2818 592 2876 sine
613 2819 714 2890 oculis,
735 2830 793 2877 tam
820 2820 883 2877 sine

101 2925 198 2972 mente
211 2914 289 2986 visit,
303 2926 344 2987 ut,
359 2915 427 2991 quid
440 2914 477 2972 sit
494 2915 629 2973 sementis
643 2935 678 2973 ac
691 2916 800 2986 messis,
815 2915 883 2990 quid

102 3011 234 3071 arborum
253 3011 366 3089 putatio
385 3029 420 3070 ac
439 3009 550 3087 sitium,
570 3029 626 3087 quo
649 3023 777 3088 tempore
804 3009 882 3080 anni,

334 3107 354 3165 9
363 3105 380 3141 fi
