2109 3417
116 297 148 356 ἰ.
159 308 215 368 ιιι]
402 310 446 359 nn
466 310 629 385 onusque.
909 300 949 361 99

159 456 218 515 Sed
253 455 347 515 omnis
380 456 516 534 loquendi
552 452 705 537 elegantia,
739 476 901 534 quanquam

119 552 260 627 expolitur
283 553 404 612 solearii
426 555 582 627 literarum,
603 565 700 614 tamen
723 564 843 633 augetur
863 556 903 613 le·

119 648 222 726 gendis
247 649 407 709 oratoribus
432 660 462 709 et
486 650 589 726 poetis.
644 651 718 709 Sunt
750 650 826 709 euim
860 649 902 709 illi

119 737 312 819 vetereqqui
335 764 438 803 ornare
463 746 592 804 nondum
617 755 749 823 poteraut
771 765 815 819 eu,
839 764 901 822 qus

119 840 263 913 dicebant,
276 860 377 900 omues
395 860 484 918 prope
502 842 639 919 praeolare
653 842 759 901 loouti:
780 852 933 918 quorumti

118 955 250 995 sermone
284 937 436 996 assuefacti
468 938 517 1014 qui
553 946 645 1010 eruut,
678 956 715 997 ne
752 937 900 1015 cupientes

117 1033 233 1109 quidem
261 1044 395 1111 poterunt
425 1034 515 1111 loqui,
542 1033 599 1092 nisi
632 1034 742 1093 Latine.
796 1035 900 1110 Neque

117 1141 212 1189 tamen
233 1130 288 1187 erit
307 1130 444 1188 utendum
464 1129 558 1188 verbis
578 1130 622 1201 iis,
637 1131 741 1206 quibus
757 1131 816 1208 jam
833 1151 901 1190 ooa-

114 1227 238 1285 suetudo
258 1237 356 1284 nostra
374 1244 433 1283 non
453 1226 553 1299 utitur,
566 1226 621 1285 nisi
641 1228 764 1308 quaudo,
778 1216 900 1289 ornandi

117 1322 215 1394 causi,
237 1340 334 1398 paroe,
358 1322 433 1397 quod
456 1322 632 1401 ostendam,
652 1323 702 1381 sed
726 1323 837 1385 usitatis
861 1323 901 1383 ita
916 1333 946 1384 10

114 1418 221 1495 polerit
253 1418 305 1489 uti,
337 1417 500 1475 lectissimis
532 1428 565 1476 ut
596 1427 701 1490 utatur,
732 1418 767 1491 is,
794 1419 843 1495 qui
870 1420 900 1478 iu

115 1514 259 1573 ueteribus
279 1513 334 1573 erit
352 1500 466 1592 seriptis
484 1513 612 1573 studiose
632 1523 661 1572 et
681 1514 802 1573 multum
822 1516 900 1575 volu·

115 1620 201 1671 tatus.

155 1804 209 1863 XI.
240 1805 348 1881 Atque,
366 1814 399 1863 ut
418 1802 521 1863 Latine
547 1803 705 1881 loquamur,
727 1822 786 1863 uon
806 1803 898 1863 solum

116 1900 270 1960 ridendum
296 1911 349 1973 ast,
373 1910 406 1959 ut
431 1910 460 1959 et
486 1902 573 1960 rerba
598 1901 748 1960 efferamus
771 1920 815 1973 ea,
837 1918 898 1977 que
914 1910 945 1960 15

114 2016 201 2058 nemo
216 1997 281 2074 jure
300 1996 504 2073 reprehendam
524 2006 554 2055 et
574 2014 609 2056 ea
628 1998 671 2057 sio
690 2007 719 2056 et
732 1997 855 2069 nasibus,
870 2007 899 2057 et

115 2094 301 2173 temporibus,
314 2103 345 2153 et
363 2112 478 2171 genere,
499 2104 529 2151 et
548 2112 667 2153 numero
687 2112 897 2167 oonservemus,

114 2204 148 2252 ut
167 2190 273 2268 nequid
290 2191 497 2267 perturbatum,
516 2182 551 2248 eo
571 2189 747 2265 disorepaus,
762 2177 811 2249 aut
829 2210 900 2267 prm·

112 2297 258 2364 posterum
279 2286 331 2356 sit;
358 2286 410 2343 sed
436 2286 523 2343 etiam
543 2284 651 2362 lingua,
672 2294 701 2342 et
724 2285 850 2361 spiritus,
869 2297 899 2344 et

115 2382 194 2440 voois
214 2402 301 2441 sonus
317 2392 361 2452 est
375 2382 435 2458 ipse
448 2382 648 2441 moderandus.
689 2381 765 2440 Nolo
779 2383 898 2458 exprimi
912 2395 945 2447 ω

114 2478 212 2536 literas
243 2478 475 2553 putidiusuolo
507 2476 656 2535 obscurari
689 2478 896 2555 negligentium

115 2572 184 2631 nolo
198 2566 283 2630 rerba
302 2572 413 2630 exiliter
429 2571 581 2653 [animata]
598 2572 685 2645 exire,
702 2572 770 2639 uolo
789 2573 897 2647 inflata,

115 2679 145 2727 et
157 2668 238 2745 quasi
258 2668 390 2726 anhelata
404 2667 535 2746 gravius:
556 2688 623 2727 uum
637 2668 673 2729 de
688 2687 756 2727 rooe
769 2670 897 2729 noudum

112 2786 149 2826 ea
161 2766 237 2838 dioo,
251 2784 314 2841 quae
334 2774 401 2821 suut
418 2764 557 2837 aetionis;
578 2765 629 2827 sed
649 2765 715 2838 hoo,
729 2767 806 2841 quod
825 2767 896 2825 mihi

112 2882 180 2922 oum
200 2879 331 2920 sermone
351 2860 433 2936 quasi
452 2860 638 2937 ooujuuotum
658 2862 777 2921 videtur.
822 2864 896 2923 Sunt
910 2874 942 2923 m

112 2960 189 3018 enim
209 2969 290 3017 oerta
308 2958 386 3029 vitia,
406 2976 479 3035 quae,
498 2975 585 3016 nemo
606 2967 659 3029 est,
679 2958 749 3033 quin
769 2959 895 3037 effugere

109 3056 224 3133 cupiat,
245 3054 339 3116 mollis
352 3072 416 3129 vox,
430 3064 462 3113 ut
474 3052 632 3128 muliebris,
647 3064 696 3115 aut
715 3054 797 3132 quasi
815 3064 895 3115 extra
