2109 3417
131 259 200 319 cn]
412 260 455 309 oa
477 260 638 307 omroaa.

137 439 143 447 ·
171 409 238 469 XV.
258 409 358 471 Quam
377 411 414 469 ob
434 428 504 481 rem,
519 409 621 485 siquis
635 408 797 466 universam
810 417 839 465 et
850 424 916 483 pro-

131 507 223 583 priam
237 506 358 564 oratoris
371 507 428 563 vim
446 492 566 565 definire
586 505 793 581 complectique
806 504 875 575 vult,
890 503 915 561 is

130 615 225 663 orator
239 604 302 676 erit,
317 604 381 661 med
401 603 554 676 sententia,
569 602 626 659 hoc
645 616 703 660 tam
717 601 797 678 gravi
810 602 915 678 dignus

133 700 259 771 nomine,
280 700 339 775 qui,
360 693 547 775 quaecumque
567 718 613 757 res
632 698 777 769 inciderit,
795 716 858 772 que
877 697 916 753 sit

134 796 260 853 dictione
280 796 458 871 explicanda,
476 796 640 871 prudenter,
655 804 684 851 et
703 794 872 870 composite,
886 802 947 851 eto

131 903 240 963 ornate,
261 901 290 949 et
309 892 472 951 memoriter
494 892 581 962 dicat,
597 911 663 949 cum
684 892 808 967 quddam
828 890 915 947 etiam

108 1045 110 1049 ,
134 972 255 1043 actionis
275 986 422 1063 dignitate.
464 986 516 1043 Sin
532 986 655 1061 cuipiam
672 984 759 1042 nimis
772 983 915 1041 infinitum

131 1080 252 1151 ridetur,
277 1081 353 1155 quod
381 1081 421 1139 ita
446 1081 538 1157 posui,
564 1080 771 1156 “quicumque
794 1079 832 1136 de
854 1080 915 1150 re‚'’

132 1175 200 1232 licet
227 1175 304 1247 hinc,
325 1187 463 1251 quantum
490 1176 595 1251 cuique
621 1175 772 1247 videbitur,
794 1174 917 1233 circuni·

35 1276 40 1289 '
132 1270 209 1327 cidat
238 1279 329 1343 atque
350 1279 491 1345 amputet:
518 1281 614 1327 tamen
642 1270 712 1327 illud
738 1271 853 1341 tenebo,
881 1269 916 1342 si,
933 1280 964 1330 lt

129 1383 194 1439 quae
229 1364 332 1421 ceteris
359 1364 389 1421 in
417 1364 525 1421 artibus
552 1374 600 1421 aut
629 1364 732 1421 studiis
757 1364 813 1421 sita
839 1373 915 1435 sunt,

132 1469 227 1517 orator
246 1459 365 1535 ignoret,
380 1469 546 1535 tantumque
566 1479 602 1517 ea
621 1470 718 1517 teneat
736 1478 800 1534 qum
813 1459 871 1517 sint
884 1459 916 1517 iu

132 1542 385 1631 disceptationibus
400 1566 484 1631 atque
498 1556 528 1613 in
542 1574 598 1613 usu
614 1557 737 1627 sorensi;
760 1567 856 1615 tamen
869 1556 916 1613 his

132 1653 168 1709 de
188 1653 274 1709 rebus
294 1652 363 1727 ipsis
377 1652 401 1709 si
415 1652 451 1709 sit
465 1652 492 1709 ei
506 1653 673 1724 dicendum,
686 1672 754 1709 cum
774 1671 917 1729 cognove-

132 1749 169 1807 rit
193 1749 229 1805 ab
252 1749 296 1819 iis,
310 1748 359 1824 qui
383 1759 491 1819 tenent,
516 1767 578 1823 quae
604 1749 662 1806 sint
685 1749 715 1805 in
739 1749 852 1823 quique
875 1762 963 1821 re,1o

132 1844 223 1903 multo
236 1855 377 1903 oratorem
390 1846 503 1916 melius,
515 1864 602 1924 ¹quam
618 1845 694 1920 ipsos
708 1845 781 1917 illos,
797 1864 917 1919 quorum

133 1960 174 1998 eae
201 1951 267 2003 sunt
295 1951 377 2013 artes,
402 1960 465 1999 esse
493 1940 646 1998 dicturum.
706 1940 756 1999 Ita
776 1941 801 1998 si
824 1941 861 1999 de
884 1960 916 1998 re

131 2037 247 2097 militari
269 2036 433 2095 dicendum
445 2036 514 2094 huic
536 2036 591 2094 erit
611 2036 752 2113 Sulpicio,
775 2048 918 2112 quarrata

131 2135 166 2193 0.
188 2134 283 2191 Mario
311 2134 388 2191 affini
415 2144 520 2204 nostro,
548 2144 588 2205 et,
608 2153 675 2192 cum
703 2135 856 2210 acceperit,
877 2135 919 2193 ita

131 2231 337 2307 pronuntiabit,
352 2210 383 2288 rit
397 2230 451 2305 ipsi
467 2231 500 2288 C.
517 2230 613 2288 Mario
631 2250 713 2307 pene
734 2231 782 2289 hic
801 2232 915 2303 melius,
931 2242 964 2293 tu

132 2345 217 2403 quam
232 2327 301 2401 ipse,
316 2326 366 2384 illa
379 2326 453 2383 scire
466 2327 610 2385 videatur:
629 2327 676 2385 sin
691 2328 803 2405 dejure
821 2328 914 2386 cirili·
907 2370 914 2398 ,

132 2432 229 2480 tecum
250 2422 484 2494 communicabit,
507 2433 593 2499 teque
623 2424 766 2481 homiuem
794 2423 918 2499 prudeu·

133 2518 284 2590 tissimum,
298 2529 327 2575 et
339 2518 544 2593 peritissimum
557 2520 588 2577 iu
602 2519 638 2576 iis
651 2518 720 2595 ipsis
736 2521 822 2577 rebus
823 2538 916 2596 ‚quas

135 2614 227 2671 abste
241 2614 383 2687 didicerit,
397 2615 513 2673 dicendi
530 2626 591 2674 arte
609 2616 770 2691 superabit:
791 2616 836 2673 sin
851 2635 915 2690 quar

133 2728 180 2769 res
199 2710 341 2783 inciderit,
355 2712 386 2769 in
407 2713 464 2787 qud
484 2713 520 2769 de
541 2714 653 2785 naturai,
674 2713 710 2769 de
730 2712 806 2769 vitiis
826 2713 917 2771 homi·
932 2730 965 2780 ω

132 2826 212 2879 num,
227 2808 263 2865 de
276 2809 491 2883 cupiditatibus,
506 2809 543 2866 de
562 2810 659 2879 modo,
672 2810 709 2866 de
727 2808 916 2880 continentii,

132 2903 170 2961 de
184 2903 293 2976 dolore,
308 2905 344 2962 de
360 2916 452 2963 morte
471 2905 627 2963 dicendum
640 2905 693 2976 sit,
707 2904 836 2974 forsitan,
850 2902 917 2959 aiei

131 2999 171 3057 sit
183 2999 286 3073 risum,
302 2999 370 3079 (etsi
389 3002 451 3061 hac
467 3001 584 3077 quidem
596 2999 682 3060 nosse
697 3000 784 3059 debet
796 2992 917 3067 oraton)
