2109 3417
121 281 178 341 ttt
417 285 484 334 on
505 283 669 333 carrona.
869 283 953 344 [nn.
1052 313 1053 324 ,

166 437 302 496 fratribus
320 437 421 496 Cossis
440 437 531 508 dixit3
554 435 584 494 in
605 435 662 512 qui
683 435 755 493 nihii
781 434 823 495 illi
850 434 952 506 defuit,

166 535 243 610 quod
269 555 327 593 non
353 535 439 594 modo
471 535 615 611 copiosus,
643 533 692 592 sed
724 533 809 590 etiam
838 532 953 609 sapiens

165 641 271 704 orator,
286 632 392 690 hebere
404 632 527 689 deberet

204 823 320 882 XXIV.
350 824 470 895 Verum,
491 833 522 880 ut
543 821 697 898 aliquando
719 822 754 880 ad
779 839 880 880 cautas
904 820 954 878 de·

135 931 152 980 5
166 920 306 979 ducamus
319 920 409 991 illurn,
423 937 507 995 quem
522 919 708 990 instituimus,
719 931 747 976 et
761 937 809 976 eas
824 917 951 993 quidem,

166 1017 196 1075 iu
223 1017 327 1093 quibus
358 1017 520 1094 plusculum
555 1015 665 1092 negotii
699 1026 751 1085 est,
776 1015 951 1091 judiciorum

167 1124 252 1189 atque
275 1114 379 1185 litium,
402 1113 510 1190 (riserit
534 1113 636 1188 aliquis
660 1112 779 1170 fortasse
803 1112 858 1169 hoc
881 1130 953 1186 prae·

167 1220 298 1286 ceptum3
325 1221 369 1268 est
394 1210 471 1268 enim
492 1229 549 1268 non
570 1220 627 1268 tarn
648 1219 776 1281 acutum,
796 1226 879 1282 quarn
903 1227 953 1264 ne·

167 1306 335 1376 cessarium,
355 1307 503 1384 magisque
523 1306 671 1364 monitoris
691 1323 749 1362 non
771 1299 952 1378 satui,qr1am

122 1403 272 1466 1oeruditi
298 1403 440 1483 magistri)
465 1405 522 1460 hoc
546 1403 572 1460 ei
596 1403 718 1478 primum
741 1401 951 1476 praecipienrus,

168 1519 362 1575 quascumque
373 1519 474 1557 causas
487 1498 540 1556 erit
556 1509 681 1568 noturus,
692 1508 724 1554 ut
737 1517 786 1554 eas
800 1498 953 1573 diligenter

166 1596 337 1672 penitusque
359 1605 524 1673 cognoscat.
573 1593 640 1652 Hoc
662 1594 691 1650 in
713 1594 780 1650 ludo
802 1612 859 1650 non
881 1611 955 1668 prro·

168 1692 290 1769 cipitur:
311 1692 410 1750 faciles
430 1692 506 1749 enirn
527 1709 623 1748 causa
644 1691 678 1748 sd
697 1707 801 1766 pueros
822 1689 955 1747 deserun-
1052 1755 1053 1770 χ

168 1798 223 1847 tur.
273 1787 335 1846 Lex
356 1791 538 1864 peregrinum
563 1796 639 1843 vetat
663 1785 693 1842 in
717 1803 829 1841 murum
854 1803 956 1841 ascen·
1009 1845 1013 1851 ¹
1052 1779 1053 1782 ’

123 1886 155 1937 15
168 1886 253 1942 dere:
274 1884 419 1943 ascendit:
432 1883 535 1940 =hostea
556 1881 676 1958 repulit:
699 1894 858 1938 accusatur.
899 1879 956 1936 Ni·

169 1980 208 2037 hil
228 1990 272 2037 est
297 1980 406 2056 negotii
433 1978 594 2054 hujusmodi
623 1996 738 2035 causam
766 1961 953 2052 cognoscere,

168 2073 264 2132 Recte
278 2075 364 2151 igitur
378 2074 449 2131 nihii
464 2075 500 2131 de
513 2074 601 2132 causi
613 2072 751 2130 discendi
765 2071 954 2147 precipiunt:

168 2170 232 2228 hec
251 2180 295 2228 est
314 2170 390 2228 enirn
412 2169 530 2228 inludo
557 2187 708 2227 causarum
736 2168 796 2226 scre
824 2169 962 2228 formula..

169 2266 211 2324 At
230 2284 297 2323 vero
317 2265 346 2323 in
368 2266 440 2335 foro,
460 2265 574 2337 rabula,
589 2263 762 2334 testimonia,
775 2275 870 2340 pacta,
886 2283 956 2322 cou-

124 2370 157 2422 20
170 2371 263 2435 rente,
283 2361 492 2438 stipulationes,
513 2361 710 2439 cognationes,
730 2361 891 2431 affinitates,
907 2361 956 2418 de·

169 2469 258 2532 creta,
272 2469 416 2536 responsa,
430 2459 487 2517 vita
507 2459 631 2535 denique
643 2475 742 2516 eorum
757 2457 806 2532 qui
822 2457 850 2514 in
866 2457 955 2516 causa

169 2567 326 2628 versantur,
341 2566 401 2614 tota
420 2556 624 2632 cognoscenda
642 2565 702 2614 est:
723 2573 843 2630 quarum
858 2573 954 2612 rerum

170 2651 348 2729 negligenti&
366 2651 517 2728 plerusque
536 2669 647 2723 causas,
668 2662 696 2709 et
716 2651 840 2708 maxime
864 2651 955 2727 prirn-
1052 2649 1053 2658 ’

65 2794 68 2803 ,
150 2770 152 2773 ·
170 2758 224 2819 tes,
240 2746 320 2824 (sunt
332 2748 411 2805 eninr
424 2747 515 2805 multo
528 2767 603 2824 soepe
616 2749 809 2828 obscuriores)
825 2748 956 2806 videmus

125 2860 158 2911 25
172 2843 270 2902 amitti.
311 2843 356 2901 lta
375 2843 516 2914 nonnulli,
531 2843 599 2901 dum
612 2863 725 2919 operam
740 2863 821 2902 suern
835 2843 955 2900 multam

172 2939 327 2998 existimari
341 2941 449 3011 volunt,
460 2950 491 2997 ut
504 2949 563 2997 toto
578 2940 639 2997 soro
652 2939 779 3011 volitare,
794 2949 823 2996 et
837 2959 853 2996 a
867 2941 956 2998 causti

171 3037 211 3098 od
230 3056 346 3098 causam
365 3037 409 3097 ire
428 3037 588 3110 rideantur,
608 3053 709 3096 causas
728 3035 830 3095 dicunt
856 3036 959 3119 incog-
