2109 3417
126 266 154 317 1..
165 269 196 329 t]
408 268 451 317 ns
473 270 638 319 onerose.

126 418 214 493 nobis
230 419 260 476 in
280 419 417 477 tribunali
436 419 476 481 Q.
492 420 633 496 Pompeii,
650 419 780 495 presteris
800 419 913 493 urbani,

128 515 275 573 familiaris
301 517 402 587 nostri,
424 516 601 588 sedentibus,
623 517 709 574 horno
734 536 771 575 ex
793 535 914 577 numero

127 611 299 669 disertorum
326 613 499 689 postulabat,
520 623 552 670 nt
579 613 630 684 illi,
657 614 734 671 unde
759 624 913 690 peteretur,

126 718 207 763 vetus
235 718 319 783 utque
346 708 450 766 usitate
477 710 610 785 exceptio
641 711 767 781 duretur,
794 710 914 786 “Cujus

125 804 257 877 peeuniae
285 804 347 861 dies
374 805 517 862 fuisseti”
553 806 630 880 quod
662 806 793 881 petitoris
825 807 944 865 cuusdtt

126 911 321 975 comparatum
350 919 413 959 esse
440 920 498 959 non
526 902 720 979 intelligebut3
748 912 790 974 ut,
814 903 839 961 si
866 902 913 961 ille

126 995 263 1053 infitiator
296 999 443 1073 probisset
472 998 575 1073 judici,
604 1010 670 1056 unte
697 999 817 1074 petitum
849 1016 913 1057 esse

14 1082 18 1101 ³
125 1093 289 1167 pecuniam,
321 1113 406 1169 quem
440 1105 515 1152 esset
542 1105 638 1170 coepts
662 1096 771 1167 deberi,
798 1095 912 1171 petitor,

126 1206 225 1245 rursus
252 1208 317 1247 cum
351 1201 470 1265 peteret,
497 1192 669 1266 exceptione
695 1191 911 1249 excluderetur:

125 1284 244 1346 “Quod
272 1305 307 1343 ee
332 1306 378 1343 res
407 1287 436 1344 in
467 1286 610 1363 judicium
644 1297 727 1345 antea
759 1288 910 1347 venisset.’'
927 1299 958 1349 lu

123 1380 209 1442 Quid
223 1400 292 1458 ergo
307 1382 360 1440 hoc
376 1382 435 1439 fieri
450 1384 560 1458 turpius
575 1394 623 1440 sut
636 1383 694 1441 dici
709 1394 812 1460 potest,
826 1404 912 1460 quum

124 1496 203 1549 eum,
225 1480 274 1553 qui
294 1479 369 1537 hanc
395 1498 545 1555 personum
566 1481 733 1555 susceperit,
754 1490 786 1537 ut
806 1481 912 1539 umico·

126 1592 190 1631 rum
211 1576 419 1633 controversias
440 1594 597 1650 causasque
618 1586 740 1645 tueatur,
761 1576 913 1635 laboranti-

127 1670 181 1727 bus
201 1682 359 1742 succurrat,
375 1672 457 1747 egris
477 1671 635 1741 medeatur,
657 1672 778 1729 afflictos
797 1672 912 1743 excitet,

127 1766 205 1824 hunc
226 1768 256 1825 irr
276 1767 402 1825 minimis
421 1767 654 1842 tenuissimisque
680 1768 766 1826 rebus
785 1768 825 1825 ita
843 1768 959 1839 lubi,15

127 1873 159 1921 ut
180 1863 243 1921 eliis
263 1864 449 1934 miserandus,
466 1864 528 1921 aliis
550 1863 712 1920 irridendus
736 1882 800 1922 esse
819 1863 913 1921 videu-

127 1961 192 2018 turi
233 1959 375 2034 Equidem
399 1960 588 2035 propinquum
615 1969 754 2031 nostrum,
775 1960 806 2017 P.
828 1960 913 2018 Cres·

126 2076 200 2128 sum,
228 2057 309 2113 illum
342 2056 477 2127 Divitem,
507 2075 573 2112 cum
607 2056 703 2113 multis
736 2056 799 2114 uliis
827 2057 913 2115 rebus

126 2153 286 2229 elegantem
308 2152 451 2210 hominem
473 2162 664 2222 stornatum,
684 2162 744 2209 tum
767 2152 912 2230 praecipue

128 2248 157 2305 in
185 2248 241 2305 hoc
271 2247 447 2327 [ferendum]
469 2258 498 2305 et
523 2247 699 2305 laudandum
726 2258 803 2323 puto,
823 2250 910 2323 quod,
926 2266 959 2315 uu

127 2363 193 2402 cum
212 2344 243 2401 P.
260 2344 396 2402 Scaevolae
417 2344 502 2401 frater
517 2354 602 2414 esset,
618 2343 718 2401 solitus
737 2344 765 2401 ei
785 2363 911 2420 persepe

125 2441 234 2512 dicere,
249 2459 342 2515 neque
357 2440 437 2497 illum
452 2439 480 2497 in
492 2440 557 2516 jure
577 2439 655 2497 civili
675 2439 744 2497 sutis
765 2436 821 2515 [illi
842 2440 908 2519 niti]

126 2537 223 2595 fecere
250 2555 342 2613 posse,
363 2536 420 2593 nisi
451 2535 569 2593 dicendi
595 2536 709 2610 copiam
734 2536 912 2594 assumsisset

128 2632 217 2710 (quud
238 2634 353 2707 quidem
374 2633 432 2703 hic,
447 2631 496 2706 qui
512 2650 623 2689 mecum
643 2631 745 2689 consul
760 2631 822 2703 suit,
836 2630 912 2691 filius

125 2731 198 2807 ejus,
225 2742 268 2787 est
295 2730 501 2805 consecutus);
535 2747 629 2804 neque
655 2746 687 2787 se
713 2736 779 2785 unte
809 2746 911 2787 cesses
926 2744 959 2794 π

127 2827 284 2885 amicorum
310 2835 434 2884 tractare
461 2835 546 2900 utque
570 2842 654 2901 agere
673 2823 805 2899 coepisse,
825 2842 912 2899 quum

123 2922 171 3000 jus
191 2922 275 2980 civile
295 2922 452 2980 didicisset.
493 2920 577 2983 Quid
596 2937 664 2977 vero
686 2919 734 2977 isse
754 2918 796 2975 M.
817 2918 911 2975 Octo!

126 3037 224 3081 nonne
250 3027 280 3077 et
305 3016 470 3101 eloquentid
495 3014 578 3075 tenti
604 3013 668 3087 fuit,
694 3023 830 3090 quantum
862 3008 912 3069 itte
