2109 3417
138 314 195 373 134
455 329 499 376 ua
521 330 684 377 unisone.
873 332 976 391 [nm
1030 296 1031 351 l

222 474 353 534 XXXII.
383 476 444 535 Hic
470 476 599 549 Catulus,
625 477 676 535 Dii
703 476 902 535 immortales!
933 480 974 538 in·

183 571 260 645 quit3
281 582 415 647 quautam
435 591 528 630 rerum
550 573 724 644 varietatem,
741 586 880 649 quantam
903 576 972 647 vim,

184 678 317 741 quantam
337 669 456 744 copiam,
472 668 585 739 Crasse,
600 669 765 748 complexps
785 688 826 741 es,
843 672 973 745 quantis-

184 779 239 835 que
259 780 294 818 ex
315 762 452 837 angustiis
471 774 613 819 oratorem
633 762 756 819 educere
777 782 867 820 ausus
886 784 930 835 es,
945 777 972 822 et

151 856 214 913 tin
227 857 365 932 majorum
386 876 499 914 suorum
520 876 610 933 regno
629 857 788 921 collocare!
829 858 972 935 Namque

184 952 247 1010 illos
262 965 370 1009 veteres
382 954 511 1011 doctores
526 964 710 1028 auctoresque
724 954 841 1011 dicendi
857 955 970 1013 nullum

184 1066 275 1124 genus
288 1048 486 1123 disputationis
500 1069 517 1106 a
529 1068 560 1106 se
575 1050 697 1108 alienum
717 1051 833 1125 puttsse
857 1052 971 1128 accepi·

184 1162 257 1214 mus,
278 1161 443 1219 semperque
463 1164 524 1202 esse
545 1146 574 1201 in
594 1146 672 1202 omni
693 1146 831 1203 orationis
856 1148 971 1205 ratione

184 1250 316 1298 versatos.
357 1240 401 1297 Ex
414 1241 517 1315 quibus
533 1241 622 1299 Eleus
643 1240 773 1317 Hippias,
788 1262 855 1299 cum
871 1244 971 1319 Olym·

140 1350 171 1400 10
184 1334 259 1411 piam
274 1336 405 1409 venisset,
419 1338 542 1393 maximat
563 1336 612 1394 ills
630 1338 835 1412 quinquennali
850 1339 972 1397 celebri·

185 1442 243 1489 tate
256 1433 397 1505 ludorum,
411 1433 548 1509 gloriatus
567 1443 619 1503 est,
635 1434 741 1491 cuncti
753 1452 835 1509 pene
851 1436 970 1493 audieu-

185 1538 215 1585 te
226 1529 350 1601 Graecid,
364 1528 434 1586 nihil
448 1548 511 1585 esse
524 1529 582 1586 unt
596 1530 626 1585 in
641 1540 700 1586 arte
719 1548 811 1586 rerum
826 1532 969 1603 omnium,

185 1626 261 1699 quod
275 1626 335 1701 ipse
349 1625 487 1694 nesciret3
507 1644 563 1682 nec
583 1626 674 1682 solum
695 1626 746 1683 has
764 1635 847 1697 artes,
864 1627 971 1701 qulbus

184 1720 315 1779 liberales
335 1721 470 1778 doctrinae
491 1730 575 1795 atque
593 1722 725 1797 ingenue
740 1722 969 1795 continerentur,

141 1825 171 1874 15
185 1798 378 1893 geometriam,
393 1817 542 1889 musicam,
556 1818 702 1874 literarum
717 1817 926 1893 cognitionem,
942 1831 970 1877 et

185 1916 343 1987 poetarum,
359 1923 442 1987 atque
456 1913 512 1984 illa,
528 1932 590 1987 quae
604 1914 640 1969 de
654 1914 763 1971 naturis
784 1932 891 1985 rerum,
906 1934 970 1991 quie

185 2007 222 2063 de
248 2007 395 2065 hominum
428 2010 564 2080 moribus,
593 2028 655 2083 quae
689 2010 725 2065 de
757 2010 970 2085 rebuspublicis

186 2103 349 2160 dicerentur
357 2124 364 2173 ;
398 2106 448 2161 sed
476 2106 621 2176 annulum,
646 2124 730 2179 quem
758 2106 885 2177 haberet,
910 2108 970 2183 pal-

185 2198 265 2269 lium,
280 2217 336 2274 quo
358 2202 486 2269 amictus,
502 2220 613 2272 soccos,
629 2200 731 2276 quibus
753 2202 867 2257 indutus
882 2214 967 2274 esset,

139 2304 216 2355 uuse
243 2296 294 2351 sud
321 2314 405 2352 manu
434 2297 599 2354 confecisse.
660 2297 779 2354 Scilicet
806 2298 894 2355 nimis
919 2299 968 2357 hic

186 2390 300 2463 quidem
321 2400 363 2447 est
383 2410 557 2468 progressus,
579 2391 629 2448 sed
650 2412 685 2448 ex
705 2412 738 2449 eo
758 2392 820 2467 ipso
842 2403 886 2449 est
901 2412 968 2451 con·

183 2486 295 2561 jectum
308 2486 409 2557 facilis,
424 2500 559 2562 quantum
581 2487 634 2543 sibi
655 2487 695 2545 illi
716 2488 769 2562 ipsi
789 2498 919 2546 oratores
932 2489 967 2547 de

185 2582 408 2657 praeclarissimis
428 2584 535 2640 artibus
556 2584 733 2657 appetierint,
752 2584 801 2657 qui
821 2602 859 2641 ne
880 2586 968 2642 sordi·

187 2677 281 2734 diores
307 2679 420 2752 quidem
447 2678 631 2755 repudidrint.
671 2679 752 2740 Quid
779 2680 815 2737 de
842 2678 967 2737 Prodico

138 2786 171 2835 κ
186 2773 282 2829 chiot
307 2775 374 2849 quid
399 2775 434 2830 de
460 2775 678 2849 Thrasymacho
704 2774 913 2846 Chalcedonio,
931 2777 968 2834 de

186 2868 339 2944 Protagord
359 2869 508 2939 Abderita,
528 2869 647 2943 loquarl
671 2888 789 2944 quorum
817 2871 970 2944 unusquis·

186 2983 242 3039 que
261 2964 413 3041 plurimum
433 2964 607 3040 temporibus
628 2965 693 3038 illis,
708 2966 793 3022 etiam
814 2965 850 3023 de
864 2966 966 3023 naturi

169 3078 291 3133 rerum,
310 3067 339 3115 et
358 3057 492 3117 disseruit
511 3070 541 3119 et
559 3060 682 3139 scripsit.
721 3060 786 3139 lpse
805 3058 855 3120 ille
875 3060 970 3121 Leon
