2109 3417
111 248 169 308 156
283 269 293 276 ·
431 257 478 314 us,
496 258 661 306 onsuonn
862 260 901 322 [u.
911 259 945 308 11.

155 425 218 480 qum
232 415 309 478 aunt,
324 425 388 481 quie
407 426 465 466 non
484 408 636 484 pariuntur
650 407 685 466 ab
699 416 822 480 oratore,
842 409 893 466 sed
908 407 945 467 ad

153 513 296 560 oratorem
312 523 328 560 a
342 505 430 562 causi
452 515 536 580 atque
558 523 575 562 a
594 523 625 562 re
639 504 823 574 deseruntur;
845 505 944 577 altera,

155 619 217 674 quse
231 610 293 658 tota
306 600 335 658 in
352 600 545 676 disputatione
565 611 595 658 et
616 601 862 678 argumentatione
883 621 946 660 ora·

154 696 224 754 toria
243 697 385 754 collocuta
404 707 456 754 eat
497 696 544 762 Ita
563 697 593 755 in
615 696 760 773 superiore
780 715 887 774 genere
907 698 945 756 de

124 793 313 850 cunctandis
334 793 519 870 argumentis,
540 794 570 852 in
594 793 650 852 hoc
677 805 772 851 autem
800 793 886 852 etiam
907 795 944 854 da

155 889 345 962 inveniendis,
356 890 540 967 cogitandum
552 900 604 950 est.
645 890 744 966 Atque
758 889 804 948 isti
817 890 942 966 quidem,

155 986 204 1060 qui
225 986 341 1056 docent,
356 1005 423 1044 cum
444 1006 546 1045 causas
567 987 596 1072 in
616 987 699 1064 plura
718 1005 825 1064 genera
845 1005 944 1044 secue-

155 1093 232 1154 runt,
254 1082 376 1160 singulis
401 1083 807 1160 generibuaargumentornm
829 1083 942 1159 copiam

156 1191 330 1257 suggerunt:
351 1181 427 1255 quod
448 1180 561 1238 etiamsi
576 1181 610 1237 ad
625 1180 815 1238 instituendos
832 1180 945 1242 ‚adoles-

109 1287 140 1336 lt
155 1276 287 1334 centulos
306 1275 399 1352 magis
417 1286 514 1352 aptum
527 1286 581 1347 est,
596 1287 637 1348 ut,
652 1275 735 1333 simul
752 1295 786 1333 ac
799 1275 893 1352 posita
906 1275 943 1334 sit

155 1391 253 1444 causa,
281 1372 414 1443 habeant,
441 1382 498 1448 quc
524 1390 556 1430 se
583 1373 717 1444 referant,
744 1372 821 1430 unde
847 1372 944 1430 atatim

89 1499 98 1517 ι
154 1469 289 1544 expedita
307 1468 417 1544 possint
438 1478 607 1546 argumenta
633 1468 817 1544 depromere;
845 1477 943 1526 tamen

153 1574 184 1623 et
206 1565 281 1624 tardi
309 1565 417 1642 ingenii
441 1575 494 1636 est,
519 1565 625 1623 rivulos
652 1565 823 1636 consectari,
849 1564 943 1642 fontes

153 1681 248 1721 rerum
273 1681 332 1720 non
356 1662 469 1733 videra;
503 1671 533 1719 et
553 1659 612 1736 jam
637 1661 728 1718 atatis
752 1671 795 1718 est
818 1660 943 1736 ustisque

108 1772 139 1820 15
153 1759 255 1829 nostri,
267 1760 399 1836 acapite,
413 1759 489 1834 quod
503 1757 633 1830 velimus,
649 1777 804 1830 arcessere,
815 1768 853 1829 et,
865 1756 942 1816 uude

153 1857 252 1914 omnia
264 1868 390 1928 manent,
405 1857 510 1914 ridere.

193 1953 232 2011 Et
251 1953 375 2029 primum
395 1972 487 2031 genua
507 1951 578 2010 illud
595 1970 693 2010 carum
708 1970 814 2023 rerum,
827 1970 891 2026 qun
904 1949 942 2010 ad

154 2061 298 2108 oratorem
321 2051 497 2123 deseruntur,
518 2050 688 2108 meditatum
712 2049 796 2108 nobis
823 2050 852 2107 in
879 2067 943 2126 per·

153 2157 283 2222 potuum,
298 2147 333 2203 ad
354 2165 469 2207 ornnem
489 2165 573 2205 nsum
594 2146 730 2205 similium
751 2163 857 2217 rerum,
877 2165 942 2204 esse

106 2254 139 2302 2⁰
153 2242 278 2300 debebit
326 2242 403 2300 Nam
423 2263 475 2319 pro
497 2244 606 2302 tabulis
629 2253 658 2300 et
685 2254 786 2300 contra
812 2242 940 2312 tabulas;

152 2356 205 2414 pro
225 2338 345 2395 testibus
365 2348 394 2395 et
414 2348 515 2395 contra
534 2348 638 2408 testes;
662 2355 714 2413 pro
734 2335 942 2412 questionibus

153 2443 182 2492 et
202 2443 301 2490 contra
321 2434 507 2507 questionem
527 2442 558 2492 et
578 2433 645 2490 item
667 2433 703 2490 de
723 2431 828 2490 ceteris
854 2432 942 2490 rebus

153 2527 281 2604 ejusdem
302 2527 426 2604 generis,
447 2528 491 2584 vel
511 2527 664 2603 separatim
690 2527 787 2584 dicero
814 2527 941 2587 sclemtm

152 2625 191 2682 de
216 2644 322 2703 genere
352 2624 494 2694 universo,
521 2623 565 2682 vel
598 2623 715 2682 delinito
749 2624 786 2682 de
818 2623 942 2700 singulis

105 2731 138 2780 25
152 2722 338 2798 temporibus,
366 2719 539 2792 hominibus,
574 2720 685 2778 causis:
719 2738 791 2796 quos
823 2719 941 2796 quidem

151 2819 234 2878 locos
255 2818 349 2895 (robis
369 2818 434 2889 boc,
456 2817 544 2876 Cotta
563 2827 593 2874 et
613 2815 734 2893 Sulpici,
751 2816 833 2896 dico)
848 2816 939 2874 multi

152 2915 396 2976 commentatione
417 2925 501 2993 atque
521 2914 707 2974 meditatione
726 2923 838 2990 paratos
853 2922 941 2989 atqua

150 3014 301 3092 expeditos
325 3013 433 3073 babere
457 3011 577 3072 debetis.
631 3010 762 3090 longum
789 3021 834 3072 est
859 3009 940 3077 enirn
