2109 3417
135 278 192 341 118
451 290 495 337 uc
515 290 679 339 onironn
866 288 908 348 [ι.
919 290 967 336 rm

176 456 228 497 nes
246 458 293 497 res
312 448 356 495 est
375 439 434 497 ulla
453 440 606 510 difficilior,
627 456 720 513 neque
735 438 847 513 major,
868 457 967 513 neque

176 554 239 611 quc
252 536 334 611 plura
348 536 509 612 adjumenta
522 536 661 592 doctrinm
675 535 826 591 desideret.
1037 526 1038 535 ¹

216 632 363 703 Attamen,
377 633 512 707 quoniam
534 632 569 689 de
590 641 702 689 oratore
720 631 804 687 nobis
819 631 967 706 disputan·

177 728 246 798 dum
265 739 318 799 est,
335 729 370 786 de
390 747 502 785 summo
521 737 633 785 oratore
653 728 747 783 dicam
768 746 891 783 necesse
913 737 964 785 est

148 825 231 883 uvis
243 825 319 882 euim
333 835 362 882 et
374 835 477 881 natura
489 824 540 895 rei,
555 824 612 881 nisi
631 824 758 899 perlecta
778 834 843 879 aute
860 823 966 881 oculos

176 921 300 996 ponitur,
314 921 405 995 qualis
418 930 447 977 et
460 930 566 995 quanta
586 919 632 991 sit,
647 920 767 995 intelligi
786 937 846 975 non
859 930 964 994 potest.

177 1016 228 1073 Me
248 1027 353 1087 autem,
374 1016 487 1087 Catule,
509 1016 608 1086 fateor,
627 1034 720 1089 neque
741 1014 828 1071 hodie
849 1015 880 1071 in
903 1016 965 1073 istis

176 1112 267 1182 libris,
287 1121 401 1168 etcum
423 1112 485 1169 istis
504 1111 667 1169 hominibus
688 1110 797 1180 vivere3
818 1128 875 1169 nec
899 1130 965 1169 vero

179 1206 223 1283 (id
237 1208 312 1282 quod
332 1219 363 1265 tu
384 1218 461 1265 recte
483 1207 717 1285 commeministi)
733 1207 821 1263 ullum
837 1226 966 1281 unquam

133 1311 164 1359 1⁰
178 1304 312 1361 habuisse
338 1304 490 1379 sepositum
517 1314 629 1377 tempus
657 1302 691 1359 ad
719 1301 902 1374 discendum,
931 1324 965 1362 ac
1039 1346 1040 1355 ,

178 1409 289 1457 tantum
315 1400 448 1457 tribuisse
480 1399 618 1474 doctrine
651 1398 795 1472 temporis,
823 1410 965 1472 quantum

177 1496 248 1555 mibi
268 1497 384 1574 puerilis
405 1508 481 1567 aetas,
503 1496 629 1552 forenses
646 1494 737 1566 leriae,
758 1497 964 1554 concesserint.

217 1690 333 1748 XXIII.
364 1689 415 1759 At,
442 1688 466 1745 si
492 1688 604 1763 quaeris,
632 1686 744 1759 Catule,
769 1688 805 1745 de
832 1688 966 1746 doctrinl

179 1787 234 1845 ista
260 1786 327 1863 quid
354 1804 409 1863 ego
435 1786 565 1855 sentiam,
588 1804 646 1842 non
674 1795 784 1841 tantum
810 1785 966 1861 ingenioso

134 1887 165 1935 15
179 1882 296 1953 homini,
310 1893 339 1939 et
353 1883 389 1952 ei,
404 1883 453 1956 qui
467 1881 570 1953 forum,
584 1880 633 1956 qni
653 1881 772 1952 curiam,
787 1881 836 1956 qui
850 1900 965 1951 causae,

179 1978 228 2052 qui
242 1979 444 2053 rempublicam
460 1987 577 2053 spectet,
592 1996 663 2051 opus
683 1995 745 2033 esse
761 1977 881 2033 arbitror
896 1988 967 2035 tem·

179 2073 266 2149 poris,
280 2078 417 2147 'quantum
437 2074 491 2129 sibi
511 2073 531 2129 ii
549 2083 719 2142 sumserunt,
733 2091 804 2146 quos
818 2072 966 2130 discentes

181 2170 238 2226 vita
257 2170 371 2226 defecit.
425 2169 535 2225 Omnes
562 2169 639 2225 enirn
667 2179 740 2226 artes
768 2169 849 2225 aliter
872 2170 966 2226 abiis

179 2276 346 2336 tractantur,
368 2265 416 2339 qui
437 2284 485 2321 eas
507 2266 542 2321 ad
564 2280 644 2321 usum
666 2265 855 2334 transferunt3
882 2266 966 2323 aliter

133 2363 165 2413 20
181 2362 216 2419 ab
240 2360 285 2431 iis,
309 2360 367 2436 qui,
392 2360 515 2436 ipsarum
545 2359 646 2416 artium
671 2370 792 2417 tractatu
817 2361 965 2433 delectati,

180 2456 250 2513 nihil
275 2457 308 2513 iu·
328 2457 385 2513 vita
408 2467 475 2512 sunt
499 2456 576 2512 aliud
601 2456 700 2512 acturi.
752 2454 891 2531 Magister
918 2457 967 2514 hic

180 2553 351 2611 Samnitium
385 2562 414 2609 et
446 2552 559 2608 summit
588 2552 646 2627 jam
681 2562 829 2609 senectute
856 2564 911 2623 est,
938 2564 967 2610 et

179 2647 307 2722 quotidie
327 2657 551 2703 commentatur:
576 2646 647 2702 nihil
668 2646 743 2703 enim
766 2655 848 2703 curat
869 2646 965 2703 aliud:

181 2751 209 2799 at
221 2741 261 2803 Q.
276 2740 414 2799 Velocius
433 2759 502 2816 puer
524 2739 717 2797 addidicerat:
739 2739 787 2795 sed
808 2741 886 2814 quod
905 2752 969 2798 erat

131 2845 166 2895 ἔ)
181 2848 262 2913 aptus
282 2839 318 2895 ad
341 2837 421 2907 illud,
441 2847 589 2911 totumque
616 2835 764 2913 cognorat,
785 2836 849 2909 suit,
871 2846 903 2895 ut
925 2827 970 2895 est

179 2936 256 3012 apud
269 2934 424 3006 Lucilium,
