2109 3417
104 275 145 334 24
426 287 470 333 nu
491 272 657 333 carrona.
867 283 906 342 [u.
917 283 937 330 1.

191 434 246 493 XI.
274 433 354 494 Turn
381 435 439 509 ille,
467 435 535 494 Non
570 453 644 507 sum,
676 433 778 510 inquit,
810 431 936 503 nescius,

152 533 292 605 Scaevola,
317 534 372 590 ista
398 534 473 591 inter
499 533 619 590 Graecos
646 531 705 588 dici
731 540 760 588 et
783 528 937 604 disceptari

127 629 252 688 solere.
306 630 412 688 Audivi
439 630 517 687 euim
545 647 670 686 summos
702 627 842 698 homines,
870 643 937 682 oum

152 737 275 801 questor
296 746 332 783 ex
355 725 531 784 Macedonia
558 725 699 783 venissem
726 723 866 792 Athenas,
887 721 938 779 flo-

120 829 232 881 orente
253 823 424 894 Academia,
445 832 477 880 ut
496 823 674 897 temporibus
700 820 757 877 illis
783 819 937 890 ferebatur,

151 921 228 995 quod
249 939 312 977 earn
333 919 521 990 Charmadas,
543 928 572 975 et
595 916 803 987 Clitomachus,
824 926 852 973 et
873 915 938 974 AEs

151 1017 253 1074 chines
273 1015 450 1072 obtinebant.
491 1014 562 1072 Erat
579 1015 665 1070 etiam
679 1012 872 1084 Metrodorus,
887 1012 937 1086 qui

151 1131 218 1169 cum
237 1111 294 1168 illis
311 1111 370 1169 und
389 1111 483 1186 ipsum
503 1109 583 1166 illum
604 1108 797 1166 Charmadam
817 1107 938 1184 diligen·

151 1209 208 1266 tius
229 1207 367 1278 audierat,
387 1205 533 1264 hominem
552 1205 680 1262 omnium
701 1205 730 1262 in
751 1204 884 1276 diceudo,
905 1215 937 1261 ut

103 1315 135 1363 10
151 1305 290 1375 serebant,
316 1303 487 1361 acerrimum
508 1313 537 1360 et
557 1301 793 1378 copiosissimum
847 1301 934 1378 Vige-

151 1401 200 1458 bat
220 1400 333 1458 auditor
353 1399 474 1457 Panaetii
488 1399 579 1456 -illius
604 1399 646 1455 tui
673 1397 880 1468 Mnesarchus;
907 1407 936 1454 et

150 1496 336 1572 Peripatetici
369 1497 491 1554 Critolai
524 1495 678 1552 Diodorus.
733 1493 820 1552 Multi
854 1487 935 1552 erant

149 1603 289 1669 praeterea
314 1592 446 1670 praeclari
472 1593 502 1649 in
528 1591 709 1668 philosophia
730 1602 759 1648 et
779 1591 897 1662 nobiles,
919 1610 937 1648 a

150 1691 254 1766 quibus
275 1690 410 1748 omnibus
422 1689 481 1747 und
493 1707 576 1764 paeue
590 1707 662 1746 voce
675 1687 774 1764 repelli
793 1698 935 1745 oratorem

103 1801 168 1850 lta
199 1787 402 1865 gubernaculis
432 1786 597 1857 civitatum,
632 1784 748 1842 excludi
786 1785 821 1841 ab
857 1783 935 1840 omni

150 1886 283 1942 doctrina
297 1883 604 1960 rerumque‘majorum
626 1880 758 1952 scientia,
774 1900 808 1938 ac
824 1881 934 1937 tantum

149 1981 179 2038 in
197 1982 308 2057 judicia
327 1991 356 2038 et
376 1980 594 2052 conciunculas,
613 1989 748 2053 tanquam
771 1978 800 2034 in
821 1977 934 2052 aliquod

148 2077 311 2152 pistrinum,
333 2069 446 2134 detrudi
466 2086 496 2133 et
515 2075 661 2151 compingi
681 2075 821 2142 videbam.
876 2073 935 2132 Sed

150 2190 205 2248 ego
224 2190 318 2246 neque
338 2172 396 2229 illis
417 2171 601 2242 assentiebar,
616 2190 711 2246 neque
725 2170 826 2228 harum
840 2171 935 2246 dispu-

101 2281 134 2330 20
149 2268 291 2325 tationum
312 2267 454 2325 inventori
475 2276 504 2323 et
522 2267 647 2343 principi
661 2268 748 2344 longo
761 2269 889 2325 omniurn
904 2267 934 2324 ia

149 2364 274 2421 dicendo
295 2362 463 2440 gravissimo
489 2372 519 2420 et
545 2362 788 2438 eloquentissimo,
810 2363 936 2435 Platoni,

150 2461 233 2537 cujus
252 2471 313 2517 tum
335 2458 460 2517 Athenis
483 2477 550 2516 cum
578 2459 741 2518 Charmada
769 2459 935 2537 diligentius

149 2557 214 2634 legi
234 2557 390 2634 Gorgiam3
423 2574 480 2630 quo
506 2555 537 2613 in
564 2556 638 2614 libro
665 2556 695 2614 iu
722 2556 779 2613 hoc
812 2557 936 2614 maxima

150 2654 311 2711 admirabar
337 2653 497 2725 Platonem,
517 2653 595 2728 quod
622 2653 692 2711 mihi
720 2653 749 2709 in
774 2653 936 2710 oratoribus

100 2770 134 2820 25
150 2749 301 2806 irridendis
326 2749 387 2826 ipse
414 2767 477 2806 esse
504 2759 602 2806 orator
629 2767 756 2806 summus
776 2749 934 2806 videbatur.

149 2846 239 2904 Verbi
260 2846 337 2904 euim
358 2846 555 2904 controversia
575 2846 635 2922 jam
656 2845 705 2902 diu
725 2855 838 2921 torquet
858 2845 937 2901 Gna-

150 2943 232 3003 culos
258 2943 400 3017 homiues,
428 2943 625 3002 contentionis
658 2943 821 3020 cupidiores
850 2957 936 3015 quam
