2109 3417
126 334 157 383 u.
166 335 221 394 111]
398 336 453 383 ,nn
475 334 638 400 cataroae.
902 325 955 383 131

128 484 284 561 gignendi,
313 496 362 543 aut
386 486 514 544 sedandi
545 484 716 555 tollendave,
742 492 907 541 tractantur.

128 579 210 640 Huic
229 583 328 658 generi
348 582 482 658 subjecte
501 592 568 639 sunt
582 580 802 651 cohortationes,
812 579 910 656 objur-

128 676 267 753 gationes,
289 678 509 748 consolationes,
533 676 739 748 miserationes,
760 676 910 750 omniaque

129 772 165 829 111
185 790 299 831 omnem
320 774 406 830 animi
427 783 535 830 motum
556 782 585 829 et
605 772 747 847 impulsio,
768 783 796 829 et
812 771 849 850 (si
869 772 911 830 ita

127 886 173 925 res
187 868 270 946 feret)
286 870 435 947 mitigatio.
924 872 943 921 5

165 964 324 1041 Explicatis
343 966 428 1043 igitur
449 965 494 1024 his
514 967 667 1044 generibus
688 986 722 1025 ac
741 966 834 1023 modis
854 966 911 1023 dis·

126 1061 321 1136 ceptationum
334 1063 470 1134 omnium,
484 1063 556 1120 nihil
571 1082 639 1120 sane
654 1063 688 1120 ad
703 1082 762 1121 11111
775 1062 909 1139 pertinet,

125 1157 151 1214 si
173 1159 229 1233 qni
253 1158 283 1215 in
306 1177 338 1215 re
361 1158 533 1234 discrepavit
559 1160 595 1216 ab
622 1159 743 1217 Antonii
770 1159 909 1216 divisione

124 1263 224 1311 nostra
248 1254 379 1329 partitio;
411 1255 511 1311 eadem
538 1255 615 1311 enim
642 1264 708 1311 sunt
731 1256 858 1312 membra
879 1255 909 1312 in

125 1349 273 1423 utriusque
293 1333 543 1424 disputationibus,
555 1350 611 1406 ¹sed
631 1348 717 1424 paulo
737 1368 820 1407 secus
835 1368 910 1408 arne
926 1355 958 1403 1ο

127 1455 212 1518 atque
238 1444 273 1500 ab
300 1444 350 1502 illo
375 1445 480 1519 partita
504 1462 539 1501 ac
563 1444 721 1500 distributa.
763 1444 852 1503 Nunc
874 1446 910 1503 ad
1005 1468 1010 1479 ¹

125 1539 235 1614 reliqua
247 1523 423 1615 progreniaq
437 1558 540 1612 meque
555 1539 589 1596 ad
604 1557 699 1600 meum
719 1557 823 1597 munus
841 1559 910 1615 pen·

125 1653 245 1709 sumque
271 1636 420 1692 revocabo.
474 1634 561 1705 Nam,
589 1654 625 1691 ex
651 1633 707 1693 illis
734 1634 807 1691 locis
839 1654 909 1710 quos

125 1731 255 1805 exposuit
267 1732 421 1803 Antonius,
436 1731 532 1788 omnia
546 1742 621 1802 sunt,
637 1730 671 1787 ad
687 1749 806 1805 quaeque
825 1748 910 1807 gene-

124 1846 158 1884 ra
177 1828 374 1902 questionum,
396 1837 564 1905 argumenta
584 1827 744 1883 sumenda:
772 1828 822 1884 sed
847 1826 910 1885 eliis
925 1836 958 1885 15

124 1922 278 2000 generibus
299 1923 347 1980 alii
366 1923 422 1981 loci
450 1923 542 1999 magis
568 1933 653 1980 erunt
680 1922 753 1997 apti;
782 1923 818 1979 de
842 1942 919 1998 quo,-

123 2037 182 2076 non
197 2029 254 2076 tam
267 2019 334 2094 quia
346 2021 463 2096 longum
476 2030 529 2090 est,
542 2038 625 2095 quam
637 2019 704 2093 quia
716 2020 908 2095 perspicuum,

123 2115 184 2172 dici
196 2115 267 2173 nihil
281 2127 324 2172 est
336 2134 465 2174 neccsse.
975 2099 978 2111 ¹

163 2212 360 2269 Ornatissimae
393 2222 460 2269 sunt
486 2212 574 2289 igitur
601 2212 744 2271 orationes
770 2232 821 2285 ee,
845 2232 907 2289 quae

122 2308 260 2365 latissime
286 2318 435 2385 vagantur,
462 2320 501 2380 et,
529 2328 546 2366 a
571 2309 681 2385 privati
711 2328 745 2367 ac
771 2308 908 2387 singulari
923 2322 955 2372 w

123 2404 328 2474 controversiis,
348 2424 380 2461 se
401 2406 436 2462 ad
456 2405 582 2462 universi
609 2405 722 2481 generis
742 2406 798 2462 vim
822 2406 909 2482 expli-

124 2499 246 2557 candam
274 2500 426 2558 conferunt
446 2511 474 2557 et
495 2511 676 2573 convertunt,
700 2512 733 2559 ut
752 2502 772 2559 ii
792 2502 841 2577 qui
862 2521 909 2561 au·

124 2593 214 2665 diant,
234 2595 346 2665 naturai,
360 2604 389 2651 et
409 2614 524 2671 genere,
539 2605 568 2652 et
582 2595 715 2653 universi
735 2615 766 2654 re
780 2598 907 2674 cognita,

123 2691 160 2747 de
174 2689 294 2765 singulis
307 2690 373 2762 reis,
388 2701 417 2748 et
431 2691 609 2763 criminibus,
624 2702 652 2749 et
666 2692 764 2750 litibus
784 2704 908 2751 statuere
1003 2721 1006 2725 ·

122 2786 240 2863 possint.
281 2785 367 2844 Hanc
388 2786 423 2843 ad
444 2787 682 2845 consuetudinem
696 2778 908 2846 exercitationis
923 2802 956 2851 15

122 2900 184 2954 vos,
206 2881 411 2955 adolescentes,
432 2893 475 2940 est
502 2883 669 2941 cohortatus
692 2884 849 2957 Antonius,
870 2894 910 2943 at-

124 2998 189 3055 que,
204 2998 222 3036 a
237 2978 354 3037 minutis
375 2980 559 3057 angustisque
580 2980 851 3051 concertationibus,
873 2980 909 3038 ud

126 3093 239 3136 omnem
252 3076 311 3135 vim
325 3076 547 3155 varietatemque
566 3094 617 3136 vos
637 3076 795 3135 disserendi
815 3076 910 3135 tradu-
