2109 3417
126 315 168 374 56
447 326 493 373 nn
512 324 676 397 onumen.
880 322 967 384 [nn.

173 492 258 567 quom
278 492 344 533 oum
364 492 400 532 ox
419 475 542 532 oratoris
562 474 641 532 dicto
662 473 766 549 aliquo,
783 482 831 531 aut
845 490 966 549 respou-

174 587 217 640 so,
229 579 278 627 out
287 580 400 647 rogatu,
411 588 506 628 sermo
515 570 565 627 ille
576 568 712 645 sequitur,
724 567 873 625 “Occidit
884 568 963 626 inest

174 664 490 724 “Adversariumnet”
532 665 654 723 “Immo
673 666 768 736 vero‚”
785 664 874 733 aiunt,
890 670 963 737 “ee‚

174 770 204 818 et
215 780 283 819 eum
297 780 381 837 quem
396 762 551 820 defendit.”

141 962 158 1011 5
212 955 336 1014 LXXV.
367 955 435 1013 Hoc
454 956 577 1013 Crassus
597 972 656 1012 non
675 954 824 1031 putotnisi
839 954 962 1030 perfidia

174 1052 307 1109 accidere
326 1070 427 1129 posse:
455 1069 509 1129 ego
529 1062 623 1109 autem
645 1051 800 1127 sepissime
820 1050 905 1108 video
929 1052 961 1109 in

172 1150 268 1207 causis
282 1150 389 1225 utquid
404 1150 471 1208 maii
485 1150 582 1209 facere
591 1150 721 1207 homines
732 1149 850 1206 minime
861 1148 960 1207 melos.

170 1246 274 1308 Quint
295 1246 375 1318 iilud,
391 1247 467 1321 quod
487 1264 574 1323 supra
593 1246 662 1317 dixi,
677 1246 768 1303 solere
783 1264 828 1303 me
843 1245 960 1320 cedere,

172 1351 210 1413 et,
225 1352 257 1400 ut
276 1342 388 1418 planius
408 1343 513 1414 dicam,
528 1342 626 1419 sugere
647 1360 691 1409 ea,
706 1360 769 1416 quae
789 1342 871 1399 valde
891 1360 960 1400 cau·

125 1445 157 1495 10
172 1456 231 1495 sam
253 1457 345 1497 meum
365 1440 546 1515 premerent?
567 1454 631 1495 curn
647 1438 675 1494 id
690 1456 749 1495 non
767 1437 877 1495 fuciunt
898 1438 958 1511 atii,

171 1546 375 1611 versanturque
390 1536 418 1592 in
432 1536 558 1592 hostium
580 1534 691 1605 castris,
707 1552 741 1591 ao
754 1554 806 1592 sua
824 1534 960 1610 presidia

171 1629 334 1701 dimittunt3
368 1631 588 1689 mediocriterne
621 1630 716 1687 causis
746 1640 862 1701 nocent,
890 1648 958 1689 cum

171 1735 221 1782 not
235 1725 458 1784 adversariorum
473 1727 637 1803 adjumenta
655 1726 834 1797 confirmant,
849 1738 897 1785 tut
912 1745 958 1799 eu,

171 1838 234 1894 quae
249 1838 350 1879 sonare
369 1831 524 1896 nequeunt,
540 1821 726 1879 exulcerant?
765 1821 868 1883 Quid?
889 1839 958 1881 oum

125 1928 155 1975 15
170 1933 363 1990 personomm,
384 1937 453 1994 quas
480 1917 647 1987 defendunt,
668 1918 806 1975 rationem
828 1936 887 1975 non
908 1919 959 1977 hn-

170 2011 259 2069 bentt
280 2013 313 2085 si,
329 2032 391 2088 quae
403 2023 470 2071 eunt
483 2013 512 2071 in
527 2014 571 2070 his
585 2014 736 2083 invidiosa,
748 2032 806 2071 non
822 2015 957 2092 mitigant

170 2111 360 2181 extenuando,
375 2110 434 2182 sed,
454 2110 598 2167 laudando
618 2119 647 2167 et
666 2110 821 2182 efferendo,
836 2110 958 2170 invidio-

170 2204 246 2263 siora
274 2205 401 2275 fuciunt3
435 2216 572 2281 quantum
601 2206 630 2263 in
658 2224 693 2263 eo
719 2207 954 2267 condemnati!

168 2300 272 2362 Quint
292 2302 359 2359 siin
376 2303 507 2360 homines
527 2321 620 2374 coros,
632 2302 834 2379 judicibusque
851 2303 956 2380 jucun·
1034 2300 1035 2314 ¹

121 2403 154 2452 m
170 2397 231 2469 dos,
252 2398 315 2454 sine
335 2398 393 2455 utto
412 2400 629 2474 premonitione
652 2386 799 2471 orationis,
822 2402 955 2459 acerbius

169 2502 199 2549 et
212 2494 447 2551 contumeliosius
459 2494 609 2566 invehnr03
629 2514 725 2554 nonne
737 2496 787 2553 abr
800 2506 829 2554 te
840 2496 955 2573 judices
1031 2558 1032 2561 ,

170 2587 333 2646 abalienest
371 2589 474 2651 Quint
494 2591 528 2662 si,
543 2610 605 2667 quae
618 2592 687 2649 vitia
703 2601 750 2649 out
771 2592 955 2652 incommoda

169 2682 280 2740 suntin
295 2684 390 2759 aliquo
407 2685 506 2762 judice
519 2706 588 2758 uno,
603 2697 652 2744 out
665 2688 803 2763 pluribus,
818 2706 854 2745 ea
866 2698 908 2760 tu,
924 2689 954 2747 in

170 2777 336 2837 adversariis
361 2782 569 2858 exprobrando,
596 2802 655 2840 non
687 2784 839 2861 intelliges,
866 2794 896 2844 te
923 2785 954 2845 in

120 2876 154 2927 25
166 2874 279 2952 judices
293 2875 398 2949 invehi,
413 2878 559 2936 mediocre
573 2889 725 2955 peccatum
739 2881 802 2937 cett

207 2970 311 3034 Quint
336 2973 371 3045 si,
392 2992 530 3051 cumpro
552 2975 640 3032 altero
661 2976 751 3049 dions,
771 2976 850 3035 litem
874 2988 956 3039 tunm

168 3067 269 3143 fociae,
283 3079 332 3129 out
351 3069 436 3129 lesus
455 3072 574 3131 efferare
593 3072 753 3148 iracundie,
773 3092 892 3134 camum
911 3094 956 3135 re·
