2109 3417
104 264 144 323 44
425 277 468 324 na
490 277 655 325 oaaaonn.
864 275 903 336 [L.
913 276 933 324 1.
1044 221 1050 437 q

152 425 227 499 quod
248 425 385 497 nesciam,
400 425 477 498 licet,
492 425 585 501 inquit
605 426 735 497 Crassus,
750 435 843 482 vestro
863 425 935 484 arbi·

151 531 227 579 tratu
253 523 469 598 percontemiui.
525 524 631 597 Atque,
660 522 751 597 inquit
778 522 933 597 Sulpicius,

152 618 206 676 hoc
238 619 361 694 primum
395 637 431 675 ex
463 629 502 690 te,
530 618 566 676 de
593 635 649 693 quo
676 617 762 674 modo
788 618 934 677 Antonius

151 713 290 788 exposuit,
317 714 386 788 quid
412 714 528 785 sentias,
541 741 542 746 κ
556 713 723 788 querimus3
751 712 934 770 existimesne

118 817 135 865 5
152 821 239 867 artem
262 810 385 884 aliquam
400 829 462 867 esse
475 810 600 867 dicendi.
640 810 743 870 Quidt
764 809 834 866 mihi
854 827 934 866 nune

151 926 210 977 vos,
239 906 331 982 inquit
363 907 493 977 Crassus,
521 915 656 981 tanquam
686 905 772 963 alicui
798 906 933 963 Graeculo

151 1004 244 1059 otioso
257 1015 285 1058 et
299 1003 423 1076 loquaci,
438 1013 466 1059 et
480 1002 598 1060 fortasse
612 1003 698 1060 docto
713 1013 796 1077 atque
810 1002 932 1074 erudito,

150 1099 397 1172 quaestiunculam,
421 1097 457 1154 de
484 1099 542 1173 qud
569 1117 633 1155 meo
659 1098 795 1155 arbitratu
821 1097 932 1172 loquar,

149 1193 275 1270 ponitisl
327 1194 456 1255 Quando
483 1194 560 1250 enim
588 1213 634 1250 me
661 1194 714 1251 ista
740 1194 856 1251 curasse
885 1204 933 1252 aut

103 1295 134 1345 1⁰
150 1289 293 1366 cogitasse
320 1289 506 1361 arbitramini,
531 1299 561 1346 et
587 1307 645 1346 non
673 1309 784 1365 semper
811 1290 932 1348 irrisisse

148 1385 244 1461 potius
264 1403 361 1442 eorum
384 1387 530 1442 hominum
552 1385 767 1460 impudentiam,
788 1387 837 1461 qui
865 1405 932 1444 cum

150 1480 180 1537 in
200 1481 300 1538 schola
321 1482 502 1553 assedissem,
522 1501 559 1538 ex
578 1482 684 1558 magnii
710 1483 857 1539 hominum
880 1483 933 1539 frc-

149 1577 266 1650 quentid
287 1577 384 1634 dicere
401 1578 544 1654 juberent,
559 1577 582 1634 si
604 1577 667 1652 quis
686 1578 754 1652 quid
774 1579 931 1653 quereretl

148 1673 238 1733 Quod
258 1674 380 1750 primum
407 1674 503 1732 lerunt
529 1674 703 1732 Leontinum
731 1674 833 1732 fecisse
860 1675 932 1732 Gor·

103 1779 134 1828 15
149 1770 242 1846 giam3
271 1769 319 1845 qui
345 1789 533 1847 permagnum
564 1770 697 1846 quiddam
725 1769 870 1845 suscipere
897 1788 932 1828 ac

147 1865 274 1942 profiteri
295 1867 452 1936 videbatur,
466 1885 533 1923 cum
555 1885 586 1923 se
607 1865 641 1922 ad
659 1865 765 1936 omnia,
779 1866 932 1941 dequibus

149 1961 267 2037 quisque
289 1962 386 2019 audire
399 1963 494 2033 vellet,
508 1980 572 2019 esse
591 1971 721 2038 paratum
741 1962 930 2020 denunti-arei.

148 2056 252 2114 Postea
272 2076 339 2115 vero
358 2059 444 2134 vulgo
464 2059 521 2115 hoc
542 2057 636 2115 facere
657 2067 814 2134 emperant,
835 2056 933 2116 hodie·

149 2171 205 2226 que
225 2153 344 2223 faciunt,
360 2163 390 2209 nt
410 2153 489 2210 nulla
502 2153 539 2209 sit
553 2171 607 2224 res,
622 2171 716 2228 neque
735 2139 932 2228 tentansque

101 2260 134 2309 2⁰
149 2257 207 2304 tam
228 2248 389 2323 improvisa,
403 2267 496 2324 neque
516 2259 575 2306 tam
596 2269 678 2320 nova,
694 2249 729 2306 de
750 2251 806 2323 qufi
827 2269 857 2307 se
875 2267 931 2308 non

150 2344 255 2414 omnia,
269 2363 331 2419 qum
345 2344 403 2400 dici
417 2355 547 2420 possunt,
560 2345 745 2421 profiteantur
765 2365 827 2404 esse
841 2345 933 2402 dictu·

149 2457 205 2498 ros.
243 2440 335 2502 Quod
354 2439 379 2496 si
400 2449 437 2512 te,
453 2441 549 2513 Cotta,
572 2443 732 2512 arbitrarer,
748 2451 796 2499 aut
815 2454 853 2512 tc,
868 2440 932 2498 Sul·

148 2536 217 2614 pici,
239 2538 275 2593 de
295 2537 331 2594 iis
350 2537 436 2594 rebus
456 2537 554 2595 audire
574 2539 656 2609 velle,
674 2538 853 2596 adduxissem
874 2538 932 2594 huc

148 2633 283 2691 Graecum
304 2633 436 2709 aliquem,
451 2633 500 2708 qui
517 2653 566 2693 vos
587 2633 747 2692 istiusmodi
768 2633 933 2710 disputatio·

101 2741 134 2792 ἕ»
149 2729 234 2787 uibus
253 2730 425 2787 delectaret:
445 2731 522 2805 quod
542 2746 579 2787 ne
595 2749 673 2788 nunc
686 2729 800 2806 quidem
814 2729 932 2788 difficile

149 2826 228 2884 sactu
247 2835 299 2882 est.
340 2825 392 2882 Est
412 2826 489 2882 enim
511 2825 585 2900 apud
607 2824 648 2884 M.
663 2827 808 2898 Pisonem,
823 2825 932 2886 adoles·

149 2931 263 2980 centem
280 2921 339 2996 jam
359 2920 427 2978 hnic
447 2922 544 2980 studio
564 2921 702 2995 deditum,
716 2941 828 2981 summo
841 2922 932 2980 homi·

149 3037 215 3079 aem
229 3016 357 3096 iugenio,
370 3018 515 3096 nostrique
527 3017 756 3095 cupidissimum,
769 3018 933 3096 peripateti--¹
