2109 3417
112 275 193 336 nn]
395 274 438 322 na
458 274 624 322 naaman.
886 261 944 320 173

111 443 167 483 nos
187 423 275 501 igitur
294 422 410 481 Stoicus
430 424 484 481 iste
509 423 580 481 nihil
609 423 731 498 adjuvat,
752 419 897 495 quoniam,

112 520 352 595 quemadmodum
367 521 511 577 inveniam
524 519 593 595 quid
609 519 713 589 dicam,
726 538 781 576 nun
796 516 896 574 docet:

114 627 198 691 atque
212 616 287 672 idem
301 616 387 672 etiam
401 615 531 689 impedit,
545 615 620 689 qnod
635 625 664 670 et
677 614 767 670 multa
782 612 897 688 reperit,

113 731 176 786 que
196 722 282 787 neget
302 712 361 768 ullo
388 711 475 767 modo
500 729 585 785 posse
611 709 736 781 dissolvi,
757 720 787 767 et
806 727 898 785 genus

112 807 254 864 sermonis
281 807 361 863 affert
388 825 446 863 non
478 805 628 880 liquidum,
656 823 714 862 non
742 805 835 862 lusum
864 813 927 862 ac5

112 903 267 979 profluens,
281 903 331 959 sed
346 902 430 972 exile,
445 902 565 972 aridum,
581 901 739 971 concisum,
755 919 789 966 ac
808 901 898 957 minu·

112 1009 191 1055 tum:
224 1000 300 1073 quod
328 999 353 1054 si
378 999 442 1073 quis
467 998 606 1073 probabit,
634 997 674 1056 ito
699 997 841 1072 probabit,
867 1007 898 1054 ut

111 1095 338 1152 oratori‘tamen
363 1105 458 1168 aptum
481 1113 539 1152 non
563 1113 625 1152 esse
649 1094 777 1152 fateatur.
825 1093 897 1150 Haec

110 1191 191 1247 enim
223 1202 322 1247 nostra
354 1191 446 1247 oratio
480 1189 672 1246 multitudinis
704 1201 746 1246 est
781 1189 898 1248 auribus

112 1286 368 1356 accommodanda,
389 1287 425 1342 ad
444 1285 629 1343 oblectandos
650 1285 769 1355 animos,
792 1286 825 1343 od
848 1287 897 1343 im·
912 1298 942 1348 10

111 1381 269 1456 pellendos,
295 1382 330 1438 ad
356 1399 392 1438 ea
417 1381 572 1457 probanda,
596 1400 659 1455 quae
686 1399 742 1438 non
771 1381 897 1438 aurificis
937 1421 939 1426 ·

111 1478 228 1547 statcrd,
242 1477 293 1534 scd
309 1477 432 1551 quddam
452 1477 582 1553 populari
602 1478 720 1548 trutino,
733 1477 897 1536 examinen-

111 1584 169 1631 tur.
207 1574 309 1635 Quare
323 1575 406 1635 istam
421 1586 510 1630 artem
525 1584 613 1630 totam
634 1572 819 1643 dimittamus,
834 1593 896 1648 que

114 1670 144 1726 in
157 1671 356 1746 excogitandis
368 1670 548 1746 argumentis
568 1680 646 1726 muta
663 1669 784 1725 nimium
799 1679 851 1738 est,
867 1668 896 1726 in

110 1765 276 1842 judicandis
302 1767 422 1823 nimium
448 1766 559 1839 loquax.
614 1763 772 1822 Critolaum
801 1763 896 1834 istum,
912 1776 942 1824 15

112 1880 197 1937 quem
212 1862 297 1919 simul
316 1881 382 1918 cum
403 1862 536 1937 Diogene
550 1859 660 1932 venisse
682 1879 897 1930 commemoras,

112 1969 183 2035 poto
199 1958 267 2034 plus
287 1958 355 2014 huic
375 1958 469 2014 studio
489 1967 587 2014 nostro
607 1956 740 2032 prodesse
753 1956 896 2032 potuisse:

113 2055 264 2112 eratenim
280 2057 316 2111 ab
330 2055 383 2112 isto
397 2053 563 2123 Aristotele,
579 2053 691 2128 acujus
705 2052 826 2110 inventis
844 2052 896 2118 tibi

113 2170 170 2227 ego
195 2151 293 2208 videor
320 2169 378 2208 non
405 2151 491 2226 longe
518 2151 658 2206 aberrare.
701 2149 795 2225 Atque
822 2149 895 2208 inter

113 2247 192 2304 bunc
213 2246 406 2316 Aristotelem,
422 2245 517 2322 (cnjus
531 2255 560 2303 et
574 2245 652 2303 illum
666 2246 724 2322 legi
737 2246 851 2316 librum,
866 2246 895 2302 in
910 2257 942 2306 2⁰

113 2361 172 2417 quo
185 2342 315 2418 exposuit
334 2343 449 2398 dicendi
470 2353 544 2398 artes
563 2342 689 2400 omnium
710 2341 896 2416 superiorum,

113 2450 144 2496 et
158 2439 230 2509 illos,
245 2439 275 2496 in
298 2440 401 2513 quibus
424 2439 484 2514 ipse
507 2457 560 2496 sua
584 2436 711 2512 quedam
737 2437 772 2494 de
796 2437 896 2494 ebdom

115 2545 177 2592 arte
196 2535 283 2612 dixit)
303 2535 405 2592 ethos
425 2553 575 2610 germanos
595 2533 679 2608 hujus
700 2533 767 2591 artis
794 2533 896 2608 magis·

114 2641 183 2702 tros,
207 2630 263 2686 hoc
290 2631 360 2687 mihi
383 2631 475 2686 visum
502 2640 545 2686 est
572 2630 718 2699 interesse,
744 2629 819 2703 quod
848 2629 896 2686 ille

114 2726 217 2784 obdem
245 2727 307 2784 acie
333 2727 446 2795 mentis,
473 2726 529 2800 qud
558 2745 650 2782 rerum
685 2725 812 2782 omnium
840 2725 894 2782 rim
909 2736 941 2783 25

113 2833 302 2897 naturamque
315 2823 432 2893 viderat,
446 2821 507 2878 brec
520 2839 633 2897 quoque
652 2821 769 2901 aspexit,
784 2840 846 2895 quae
861 2822 896 2877 ad

114 2920 231 2977 dicendi
258 2929 356 2988 artem,
377 2937 461 2995 quam
488 2918 536 2975 ille
563 2917 748 2992 despiciebat,
775 2918 898 2991 pertine-

5 3094 6 3097 *
112 3015 200 3073 bant:
220 3015 263 3074 illi
276 3025 382 3084 autem,
394 3012 444 3088 qui
459 3013 516 3072 boc
529 3013 622 3070 solum
640 3013 791 3078 colendum
809 3011 897 3066 duce·

354 3107 416 3166 15*
