2109 3417
108 295 201 354 nnn]
389 294 433 342 on
454 293 618 342 onnnonn
884 285 940 344 159

108 445 278 503 moderetur.
318 443 452 520 Namque
471 463 526 522 ego
547 445 618 504 iliud
638 444 778 502 assentior
798 443 895 502 Theo·

108 542 233 615 phrosto,
253 541 302 617 qui
328 551 409 617 putat
433 543 602 614 orationem,
626 561 689 617 que
715 541 830 616 quidem
857 541 894 598 sit

108 637 197 712 polita
211 648 299 712 atque
309 637 385 696 facta
397 638 616 712 quodammodo,
630 656 688 696 non
703 638 828 709 astricte,
842 637 893 695 sed

109 733 265 805 remissius,
291 752 472 792 numerosam
498 752 562 791 esse
588 743 725 810 oportere.
767 733 892 803 Etenim,

109 828 184 886 sicut
204 829 251 887 iile
271 830 440 905 suspicatur,
460 849 497 887 ex
516 829 573 886 illis
596 829 699 904 rnodis,
719 831 821 906 quibus
844 829 923 888 hic5

109 926 230 984 usitatus
240 945 337 984 versus
349 927 481 998 efficitur,
493 936 558 1002 post
572 937 739 1002 anapaestus,
750 926 892 1002 procerior

110 1022 224 1097 quidam
244 1041 389 1094 numerus,
403 1023 542 1094 effloruit3
564 1023 630 1082 inde
651 1023 698 1080 iile
719 1023 849 1080 licentior
864 1031 892 1078 et

107 1118 223 1176 divitior
249 1118 330 1176 fluxit
356 1119 569 1194 dithyrambus;
604 1119 686 1195 cujus
711 1120 839 1176 membra
864 1128 893 1176 et

108 1214 206 1290 pedes,
227 1224 259 1270 ut
278 1215 318 1272 ait
337 1215 423 1285 idem,
442 1224 508 1271 sunt
528 1215 558 1272 in
579 1213 657 1271 omni
677 1214 812 1291 locupleti
832 1232 893 1272 ora-

110 1309 189 1366 tione
202 1309 312 1367 diffusa
353 1309 401 1382 Et,
416 1309 441 1365 si
454 1327 638 1366 numerosum
659 1319 702 1366 est
716 1309 745 1366 id
759 1310 789 1366 in
803 1311 893 1368 omni·
908 1320 938 1370 10

110 1405 164 1461 bus
190 1403 267 1461 sonis
290 1414 374 1479 atque
396 1405 524 1474 vocibus,
540 1403 734 1478 .quod1habet
757 1406 892 1478 quasdam

110 1499 319 1575 impressiones,
334 1508 364 1556 et
376 1498 451 1574 quod
466 1499 559 1557 metiri
573 1515 723 1576 possumus
739 1499 892 1558 intervallis

111 1595 282 1669 aequalibus3
312 1604 390 1652 recte
411 1614 502 1672 genus
523 1595 580 1652 hoc
599 1612 792 1665 numerorum,
814 1595 894 1652 dum·

111 1691 198 1749 modo
230 1709 268 1748 ne
300 1690 469 1748 continuum
501 1690 548 1762 sit,
575 1691 605 1748 in
639 1690 776 1748 orationis
808 1689 894 1748 iaude

110 1797 241 1864 ponetur.
281 1786 359 1845 Nam
379 1787 403 1844 si
423 1786 502 1845 rudis
521 1797 551 1845 et
571 1786 699 1861 impolita
711 1785 838 1862 putanda
850 1796 893 1844 est
908 1799 940 1850 15

111 1883 161 1942 illo
180 1883 243 1940 sine
261 1882 416 1941 intervallis
441 1883 599 1956 loquacitas
624 1883 758 1959 perennis
784 1891 813 1940 et
831 1901 894 1958 pro-

110 1980 213 2051 fluens,
227 1979 295 2055 quid
315 1989 359 2037 est
376 1978 453 2036 uliud
467 1998 570 2050 cause,
586 1997 636 2035 cur
650 1978 823 2053 repudietur,
837 1979 893 2038 nisi
932 1971 935 1978 ’

110 2077 187 2152 quod
208 2076 355 2134 hominum
376 2093 459 2133 aures
478 2093 579 2132 vocem
595 2076 698 2131 naturai
711 2075 893 2133 modulantur

110 2173 199 2248 ipset
219 2172 297 2249 quod
309 2171 381 2243 fieri,
395 2171 451 2229 nisi
464 2171 539 2229 inest
551 2188 686 2229 numerus
700 2170 729 2228 in
743 2189 823 2242 voce,
835 2189 893 2229 non

109 2278 212 2343 potest.
908 2282 939 2332 2⁰

150 2363 296 2422 Numerus
316 2374 411 2421 autem
431 2363 461 2421 in
482 2362 699 2422 continuatione
718 2362 813 2420 nullus
833 2374 892 2422 est:

110 2460 268 2532 distinctio,
281 2470 311 2518 et
330 2463 490 2536 aequalium,
504 2471 534 2517 et
554 2479 628 2536 saepe
648 2461 789 2518 variorum
807 2461 894 2518 inter·

110 2556 250 2614 vallorum
268 2557 426 2632 percussio,
441 2568 590 2614 numerum
612 2556 744 2626 coniicit;
765 2575 849 2631 quem
863 2557 893 2614 in

109 2651 281 2710 cadentibus
294 2653 392 2728 guttis,
405 2653 482 2727 quod
502 2652 657 2709 intervallis
670 2652 892 2729 distinguuntur,

109 2758 212 2808 notare
244 2766 395 2823 possumus
402 2768 410 2817 ;
444 2748 474 2804 in
501 2748 579 2805 amni
610 2749 806 2824 precipitante
836 2767 893 2807 uon
907 2755 941 2804 25

108 2863 270 2922 possumus.
309 2843 400 2906 Quod
420 2844 445 2901 si
464 2844 644 2902 continuatio
665 2845 814 2903 verborum
832 2845 894 2902 haec

110 2942 206 3000 soluta
226 2940 315 2997 multo
334 2950 378 2997 est
402 2940 493 3016 aptior
514 2949 598 3014 atque
621 2940 785 3016 jucundior,
806 2940 829 2996 si
850 2949 895 2995 est

112 3038 241 3096 usculis
260 3037 450 3113 membrisque
467 3037 614 3110 distincta,
627 3055 713 3112 quam
726 3036 750 3094 si
764 3035 895 3096 coutinu-
