2109 3417
122 319 154 366 ι.
163 319 219 380 ιιι]
409 316 454 366 na
476 315 640 365 amaruan
905 301 963 366 169

123 466 283 538 admonuit,
297 477 330 526 ut
349 466 461 530 brevior
479 485 584 538 oseem,
596 464 656 540 qui,
671 463 732 540 ipse
742 463 801 541 jam
814 461 915 539 praeei-

125 562 230 638 pitans,
242 582 287 621 me
301 582 412 638 quoque
426 563 489 621 hec
498 563 674 639 praeeipitem
687 579 771 636 paene
783 559 913 618 evolvere

126 659 233 736 coegit.
275 660 333 716 Sed
355 669 449 716 tamen
470 659 554 735 hujus
574 657 688 735 generis
708 657 913 720 demonstratio

124 765 179 824 est,
190 764 219 810 et
228 754 361 811 doctriua
373 754 443 829 ipsa,
454 754 580 830 vulgaris
591 773 597 811 :
618 773 687 810 usus
702 761 797 812 autern
807 751 912 828 gravis·

124 849 224 922 simus,
246 864 275 907 et
289 851 319 908 in
334 851 390 908 hoe
403 861 464 908 toto
477 850 595 908 dieendi
609 850 704 908 studio
718 849 910 906 difficillimus.
929 855 945 904 5
1048 907 1050 913 ,

162 947 371 1018 Quamobrem,
381 947 515 1022 quoniam
527 948 564 1005 de
574 957 676 1005 ornatu
685 945 764 1004 omni
777 945 912 1004 orationis

122 1052 191 1099 sunt
210 1061 320 1114 omnes,
335 1043 359 1100 si
380 1061 438 1101 non
457 1043 604 1118 patefacti,
620 1052 648 1099 at
668 1052 746 1100 uerte
767 1059 913 1098 eommun-

122 1138 203 1196 strati
224 1139 298 1209 loei3
319 1157 409 1210 nune,
424 1139 492 1213 quid
513 1150 610 1215 aptum
629 1138 676 1209 sit,
698 1139 755 1196 hoe
774 1147 827 1208 est,
842 1135 911 1212 quid

121 1235 246 1291 maxime
257 1234 400 1291 deceat-in
411 1235 552 1307 oratione,
562 1235 708 1292 videamus
720 1253 726 1291 :
747 1251 910 1310 quanquam

122 1329 153 1386 id
167 1330 283 1404 quidem
296 1330 479 1406 perspicuum
493 1340 547 1402 est,
562 1348 621 1386 non
640 1329 719 1386 omni
737 1348 842 1400 eausae,
855 1347 911 1386 nee
927 1337 959 1385 10

122 1426 257 1497 auditori,
284 1444 379 1499 neque
404 1443 544 1501 persona,
565 1443 658 1498 neque
684 1424 816 1498 tempori,
843 1443 911 1482 con·

8 1510 10 1521 ’
98 1575 100 1578 ,
121 1539 228 1598 gruere
253 1520 391 1579 orationis
411 1539 501 1578 uuum
528 1539 629 1597 genus.
669 1519 748 1579 Nam
767 1531 796 1576 et
816 1538 911 1578 eausa

122 1616 226 1692 eapitis
247 1617 335 1674 alium
355 1616 499 1691 quendam
522 1617 673 1674 verborum
695 1633 798 1674 sonum
818 1615 911 1688 requi-

120 1723 199 1783 runt,
211 1712 299 1770 alium
309 1731 404 1769 rerum
418 1714 591 1789 privatarum
604 1722 688 1787 atque
698 1729 865 1788 parvarum:
881 1721 911 1770 et

122 1809 201 1868 aliud
212 1809 328 1867 dicendi
338 1828 431 1887 genus
440 1810 671 1881 deliberationes,
680 1809 758 1866 aliud
771 1807 911 1866 laudatio·
926 1818 957 1866 15

120 1907 484 1983 nes,oliudjudieia,aliud
493 1904 909 1977 sermones,aliudoonsolatio,
953 1931 959 1955 ·

121 2002 200 2060 aliud
219 2003 393 2080 objurgatio,
410 2003 489 2060 atiud
509 2003 674 2078 disputatio,
695 2001 771 2060 aliud
789 2000 909 2059 historia

120 2099 273 2158 desiderat.
313 2099 418 2156 Refert
444 2099 542 2170 etiam,
563 2098 611 2174 qui
633 2098 760 2172 audiant,
780 2107 907 2169 uenatus,

120 2213 158 2253 an
177 2196 308 2271 populus,
324 2214 360 2252 an
377 2194 502 2271 judiees,
516 2195 689 2269 frequentes,
705 2213 740 2250 an
760 2192 856 2269 pauni,
872 2212 908 2252 an

120 2291 244 2368 singuli:
265 2302 303 2364 et,
319 2292 417 2367 quales
433 2291 489 2368 ipsi
502 2309 615 2366 quoque
629 2301 766 2361 oratores,
781 2291 837 2365 qud
851 2289 908 2349 sint
922 2287 955 2337 2⁰

120 2397 214 2460 aetate,
235 2373 353 2459 honore,
368 2387 550 2459 auctoritate,
563 2387 649 2444 debet
668 2386 774 2444 videri:
796 2395 908 2461 tempus

118 2483 200 2561 paeis
214 2503 250 2541 aa
269 2484 347 2556 belii,
361 2485 551 2543 festinationis
572 2503 608 2541 an
629 2483 689 2542 otii.
730 2482 832 2558 Itaque
850 2482 908 2542 hoe

118 2581 186 2638 loeo
200 2581 272 2638 nihil
286 2600 356 2638 saue
368 2591 422 2652 est,
437 2581 513 2655 quod
533 2579 651 2657 precipi
663 2597 753 2655 ,posse
767 2577 906 2651 videatur,

118 2676 176 2735 nisi
198 2687 229 2734 ut
246 2677 368 2753 figuram
387 2677 527 2735 orationis
546 2676 692 2752 plenioris,
707 2686 736 2733 et
756 2675 905 2747 tenuioris,

118 2782 149 2832 et
162 2773 232 2831 item
246 2772 324 2831 illins
336 2773 501 2846 mediocria,
516 2773 551 2832 ad
575 2773 614 2845 id,
629 2772 706 2848 quod
725 2772 846 2850 agimus,
861 2790 907 2831 ac·
920 2783 953 2834 25

117 2869 330 2930 eommodatam
341 2871 508 2950 deligamus
549 2869 734 2928 Ornamentis
747 2869 849 2928 iisdem
863 2867 906 2926 uti

117 2969 179 3026 fere
197 2958 308 3040 licebit,
329 2968 400 3027 alias
427 2967 601 3039 eontentiua,
622 2967 692 3026 alias
719 2964 904 3025 submissius:

117 3065 254 3142 amnique
274 3064 305 3124 in
325 3083 358 3126 re
375 3083 471 3146 pom,
488 3065 565 3142 quod
584 3065 696 3130 deceat.
710 3064 816 3134 faeere,
837 3059 905 3120 artis

196 3181 261 3222 von.
275 3182 308 3222 ιι.
431 3165 467 3222 15
