2109 3417
115 276 145 339 i.
155 292 185 352 n]
395 292 438 339 nn
459 292 623 340 carrona.
903 273 945 339 8ss

156 438 217 499 Hic
243 440 373 513 Crassus,
402 439 560 513 Memento,
584 439 685 515 inquit,
707 456 755 497 me
779 456 836 498 non
861 436 899 496 de

114 537 192 609 med,
212 537 263 593 sed
284 537 320 594 de
340 537 460 613 oratoris
491 536 627 594 facultate
654 536 767 593 dixisse.
814 534 898 597 Quid

115 634 194 690 enim
215 652 268 690 nos
289 644 337 690 aut
353 633 516 704 didicimus,
532 643 580 690 aut
593 632 669 689 scire
681 632 834 709 potuimus,
849 630 898 707 qui

117 740 183 786 ante
199 729 233 786 ad
249 732 400 806 agendum,
415 748 500 804 quam
515 729 549 786 ad
565 728 799 806 cognoscendum
821 727 899 785 reni-

115 844 196 895 mus;
218 844 289 901 quos
309 825 339 882 in
360 826 432 897 soro,
453 844 525 900 quos
546 826 575 881 In
597 824 762 897 ambitione,
777 842 849 899 quos
868 823 929 881 int

116 922 274 998 republica,
296 940 367 997 quos
388 922 417 979 in
439 921 597 979 amicorum
618 920 752 997 negotiis,
772 938 818 978 res
838 920 900 995 Ipsa

117 1029 183 1075 ante
204 1018 339 1089 confecit,
358 1036 443 1092 qnam
463 1036 610 1093 possemus
631 1016 738 1090 aliquid
758 1016 794 1073 de
813 1016 900 1073 rebus
942 1064 949 1077 .

116 1114 203 1172 tantis
223 1114 381 1188 suspicaril
420 1113 510 1174 Quod
524 1112 549 1169 si
562 1112 615 1168 tibi
634 1121 745 1169 tantum
765 1111 796 1168 in
816 1111 900 1169 nobis

116 1209 228 1266 videtur
254 1228 327 1281 esse,
356 1209 459 1284 quibus
485 1208 598 1265 etiamsi
625 1207 783 1283 ingenium,
809 1217 842 1265 ut
866 1216 899 1265 tu

115 1316 209 1381 putas,
237 1324 295 1362 non
322 1306 445 1362 maxime
472 1305 572 1376 deluit,
601 1303 732 1361 doctrina
758 1313 846 1378 certe,
870 1313 899 1362 et
913 1309 946 1361 10

116 1402 217 1472 otium,
239 1412 267 1458 et
287 1402 404 1459 hercule
425 1402 510 1458 etiarn
532 1401 657 1458 studium
678 1399 749 1456 illud
767 1398 898 1457 discendi

116 1498 287 1555 acerrimum
309 1498 414 1555 defuit:
443 1498 510 1573 quid
541 1516 652 1564 censes,
673 1496 698 1552 si
720 1497 754 1553 ad
777 1496 899 1573 alicujus

115 1593 264 1670 ingenium
284 1594 328 1650 vel
349 1594 448 1671 majus,
470 1592 528 1664 illa,
550 1612 613 1667 quae
639 1609 694 1668 ego
720 1610 778 1648 non
806 1591 897 1667 attigi,

116 1690 310 1748 accesserintl
330 1688 442 1765 qualem
459 1689 538 1746 illum
553 1697 705 1758 oratorem,
720 1697 749 1743 et
761 1697 898 1761 qnantum

116 1786 263 1845 futurum?
914 1786 945 1838 15

156 1980 269 2038 XVIII.
291 1980 370 2038 Tum
390 1980 546 2051 Antonius,
567 1978 675 2036 Probas
694 1976 775 2047 mihi,
796 1975 898 2051 inquit,

115 2077 180 2149 ista,
195 2078 309 2148 Crasse,
323 2096 387 2152 quae
407 2076 496 2134 dicis:
518 2094 573 2132 nec
594 2074 704 2145 dubito,
720 2072 789 2149 quIn
810 2072 899 2130 multo

115 2173 286 2249 locupletior
307 2173 337 2231 in
359 2173 482 2230 dicendo
506 2173 618 2230 futurus
641 2170 688 2241 sit,
709 2170 734 2226 si
755 2169 819 2244 quis
839 2186 899 2226 orn·

115 2269 195 2328 nium
215 2288 310 2327 rorum
332 2280 415 2343 atque
437 2268 539 2325 artium
557 2268 698 2325 rationem
711 2276 898 2339 naturamque

116 2365 374 2441 comprehenderit.
427 2364 485 2422 Sed
514 2365 638 2441 primum
659 2362 687 2419 id
708 2360 825 2418 difficile
855 2370 899 2418 est
912 2366 945 2418 m

117 2458 204 2531 lactu,
225 2460 382 2535 presertim
403 2459 432 2517 in
454 2459 508 2516 hac
532 2459 631 2515 nostra
649 2456 717 2528 virt,
738 2457 899 2531 nostrisque

118 2556 372 2632 occupationibus:
401 2555 504 2613 deinde
531 2555 601 2612 illud
630 2554 716 2611 etiam
743 2551 899 2611 verendum

117 2661 172 2721 est,
186 2668 223 2707 ne
237 2652 430 2709 abstrahamur
446 2653 481 2709 ab
494 2652 549 2709 hac
561 2648 776 2721 exercitatione,
788 2657 818 2706 et
831 2664 899 2705 con·

117 2747 268 2805 suetudine
290 2747 405 2806 dicendi
429 2747 568 2823 popularI,
593 2757 622 2803 et
646 2744 760 2803 forensi.
808 2743 898 2801 Aliud

117 2844 194 2902 enlm
209 2844 279 2901 mihi
293 2844 435 2919 quoddam
457 2862 549 2920 genus
561 2841 699 2899 orationis
713 2859 776 2898 esse
788 2839 900 2896 videtur
913 2850 945 2901 25

117 2958 217 2997 eorum
237 2940 396 3010 hominnm,
416 2940 453 2996 de
473 2939 578 3015 quibus
599 2936 685 3012 paulo
708 2944 774 2993 ante
793 2932 900 3000 dixistI,

118 3035 247 3112 quamvis
268 3034 310 3094 illi
336 3043 436 3094 ornate
462 3044 491 3095 et
516 3032 650 3112 graviter,
671 3040 721 3089 ant
741 3030 779 3088 dc
798 3020 903 3083 natur&
