2109 3417
111 290 192 350 un]
393 288 437 336 uu
459 288 621 336 omuonn
792 351 797 360 k
886 278 941 338 lto

111 440 205 497 simile
226 439 316 510 dieas,
329 438 409 514 prius
429 448 461 497 ut
480 437 573 494 simile
594 437 759 507 ooufirmos;
781 435 895 508 deinde,

110 535 191 611 quod
216 536 319 612 egitur,
348 535 502 610 adjungam
529 546 638 609 punctu
665 543 896 610 argumentorum

109 633 279 709 plerumque
305 641 338 688 ut
364 631 500 700 oooulos,
517 650 555 688 ne
582 630 646 705 quis
679 649 714 688 ea
746 647 896 688 numerare

110 730 208 805 possit,
230 740 262 786 ut
281 747 312 785 re
332 728 554 804 distmguentur,
576 727 669 784 verbis
693 726 814 784 confuso
833 745 896 784 esse

112 825 269 883 videantur.

150 1017 246 1074 XLII.
278 1017 362 1087 Huc,
376 1027 408 1074 ut
426 1026 456 1073 et
475 1035 638 1092 properans,
652 1028 681 1074 ot
696 1017 770 1093 spud
784 1017 895 1089 dootos,

111 1124 143 1170 et
155 1114 330 1171 semidoctus
344 1114 412 1188 ipse,
426 1131 573 1188 percurro,
588 1113 785 1189 utaliquando
799 1115 832 1171 ad
848 1113 897 1172 itta

111 1210 222 1285 majora
240 1210 395 1267 veniamus.
449 1209 531 1266 Nihil
553 1219 596 1266 est
616 1210 693 1266 enim
714 1209 895 1282 indicendo,

111 1306 227 1376 Catule,
255 1307 355 1383 majus,
382 1325 467 1380 quem
494 1317 525 1363 ut
553 1307 645 1364 faveat
671 1307 777 1364 oratori
800 1307 824 1364 is
848 1305 896 1382 qui

113 1402 220 1472 audiet,
235 1412 323 1476 utque
343 1403 404 1477 ipse
424 1402 466 1459 sio
486 1413 642 1475 moventur,
658 1413 689 1460 ut
703 1403 810 1476 impetu
828 1406 940 1478 quo-10

112 1498 179 1554 dam
195 1498 281 1554 animi
295 1510 325 1555 et
336 1499 550 1572 perturbatione
567 1500 667 1575 magis,
683 1518 766 1573 quam
785 1499 896 1575 judioio

112 1608 162 1650 eut
176 1594 305 1665 oonsilio,
317 1605 439 1670 regotur.
474 1594 561 1652 Plura
571 1595 647 1652 euim
662 1595 752 1652 multo
766 1595 895 1652 homines

109 1690 242 1766 judicent
266 1691 342 1760 odio,
370 1701 419 1748 out
446 1709 552 1761 umore,
581 1702 628 1747 out
655 1689 820 1766 eupiditate,
847 1699 895 1748 sut

112 1787 272 1857 iracundie,
295 1797 342 1843 aut
363 1787 471 1857 dolore,
494 1798 541 1844 aut
569 1786 677 1857 letitie,
698 1797 747 1843 sut
766 1805 826 1862 spe,
848 1796 896 1844 aut

111 1883 223 1953 timore,
240 1893 287 1940 aut
300 1902 405 1953 errore,
421 1894 469 1940 aut
484 1883 578 1958 aliqud
590 1883 768 1959 permotione
782 1883 894 1954 mentis,
909 1889 940 1939 15

111 1999 196 2054 qoam
218 1980 344 2049 veritate,
366 1990 414 2036 out
433 1980 609 2055 prescripto,
632 1990 680 2037 aut
702 1979 775 2056 juris
795 1979 896 2036 normis

113 2076 217 2151 aliqud,
233 2086 281 2133 aut
291 2075 394 2152 judicii
409 2076 541 2146 formuld,
557 2089 604 2134 eut
624 2075 742 2152 legibus.
783 2075 894 2148 Quare,

111 2171 168 2228 nisi
183 2173 250 2246 quid
265 2173 344 2229 vobis
358 2172 434 2229 uliud
448 2172 552 2247 placet,
569 2173 602 2228 nd
618 2171 666 2229 illa
678 2191 837 2249 pergamus.

151 2267 282 2339 Paulum,
307 2268 398 2343 iuquit
424 2269 555 2339 Catulus,
580 2267 665 2326 etiam
692 2287 770 2326 nuno
796 2270 896 2328 deesse

111 2365 223 2422 videtur
244 2365 279 2421 iis
298 2365 393 2436 rebus,
409 2364 529 2434 Antoni,
551 2383 620 2438 quas
640 2364 804 2440 exposuisti,
819 2366 895 2441 quod
907 2376 940 2428 2⁰

112 2461 150 2517 sit
170 2461 223 2518 tibi
247 2472 313 2518 unte
337 2461 547 2536 explicandum,
570 2479 654 2535 quarn
678 2460 747 2517 illue
766 2461 896 2536 proficis·

113 2576 190 2626 oure,
205 2568 304 2631 quote
318 2558 391 2614 dieis
406 2556 562 2614 intendere.
603 2556 772 2618 Quidnamt
793 2557 893 2632 inquit

111 2653 265 2715 uniordo
291 2653 343 2711 tibi
370 2653 490 2730 placeat,
515 2653 606 2728 inquit
632 2653 894 2728 catulorumque

112 2748 260 2824 dispositio
281 2759 520 2827 argumentorum,
537 2749 565 2804 in
580 2749 635 2824 qud
649 2759 680 2805 tu
694 2749 764 2806 mihi
785 2767 896 2825 semper

111 2845 193 2903 Dens
221 2846 308 2903 videri
335 2847 418 2904 soles.
473 2845 559 2914 Vide,
586 2863 671 2920 quam
704 2845 757 2902 sim
784 2845 813 2902 in
840 2845 895 2902 isto
908 2855 940 2905 25

111 2960 227 3018 genere,
249 2942 350 3018 inquit,
371 2941 484 3013 Catule,
499 2942 588 2999 Deos.
629 2940 708 3012 Nou,
724 2941 895 3011 mehercule,

112 3039 193 3111 mihi,
221 3038 278 3097 nisi
305 3037 459 3113 admonito,
483 3037 608 3096 venisset
633 3037 664 3094 in
690 3048 830 3108 mentem;
864 3044 896 3094 ut
