2109 3417
105 252 150 313 dt
429 263 472 309 on
494 262 656 311 onerose.
867 263 905 322 [u.
915 262 935 309 1.

197 408 294 467 xvss.
321 408 400 467 Tum
420 409 515 491 ridens
538 408 770 480 Scaevcla‚·Non
796 409 936 483 luctabor,

156 503 260 579 inquit,
281 515 386 577 tecum,
408 506 520 577 Crasse,
536 506 673 581 amplius:
695 504 936 580 idemipsum,

158 601 234 676 quod
256 612 356 667 contra
375 620 421 659 me
440 602 555 659 locutus
567 621 609 673 es,
625 602 745 660 artificio
764 602 888 676 quodam
906 620 938 659 es

153 707 341 768 consecutus,
356 707 387 755 ut
400 707 429 755 et
442 698 522 770 mihi,
538 717 600 772 quae
613 715 669 775 ego
681 697 782 755 vellem
802 716 859 755 non
875 716 937 755 esse

125 793 288 864 boretoris,
312 793 495 866 concederes,
529 803 558 851 et
584 812 620 851 ea
644 793 706 869 ipsa
735 793 835 851 nescio
871 811 938 867 quo·

158 888 244 945 modo
268 908 364 947 rursus
384 889 577 964 detorqueres,
596 900 679 964 atque
699 889 805 947 oratori
824 889 938 964 propria

154 985 292 1042 traderes.
334 984 416 1056 Hszo,
432 1004 498 1043 cum
511 1004 567 1062 ego
580 1000 682 1062 praetor
695 985 833 1043 Rhodum
847 984 938 1042 venis·

159 1089 271 1152 sem,·et
287 1099 352 1139 cum
373 1099 483 1139 summo
504 1082 553 1141 ilio
573 1083 691 1139 doctore
711 1082 793 1139 istius
813 1080 938 1155 discipli·

157 1196 202 1233 11ae
229 1175 394 1251 Apollonio,
416 1196 461 1248 oa,
484 1196 546 1253 quae
567 1197 585 1236 a
604 1178 732 1236 Pnnaetio
759 1191 936 1251 acceperam,

111 1280 144 1331 10
158 1272 357 1341 contulissem3
395 1272 481 1331 irrisit
514 1273 562 1330 ille
594 1273 720 1347 quidem,
752 1283 785 1329 ut
817 1273 936 1344 solebat,

155 1368 366 1444 philosophiam
387 1378 470 1442 ntqoe
498 1369 678 1444 contempsit,
705 1367 850 1444 multaque
878 1387 937 1426 sion

157 1472 215 1522 tam
241 1464 363 1540 graviter
388 1463 470 1534 dixit,
502 1482 586 1537 quem
612 1463 723 1533 facete3
758 1473 808 1523 tua
842 1474 936 1523 nutem

158 1558 211 1617 snit
224 1559 316 1619 oratio
336 1559 486 1636 ejusmodi,
499 1579 557 1618 nou
570 1569 603 1617 nt
615 1559 703 1618 ultum
724 1569 812 1617 artem
832 1560 938 1617 doctri·

157 1673 258 1713 nnmve
280 1665 488 1728 contemneres,
510 1656 559 1713 sed
580 1665 611 1713 ut
631 1674 730 1713 omnes
757 1656 875 1715 comites
902 1675 937 1715 nc

110 1766 144 1814 15
157 1750 301 1809 ministres
328 1751 448 1811 oratoris
474 1760 537 1809 esse
563 1750 681 1810 diceres.
721 1751 808 1812 Ques
828 1771 892 1829 ego,
912 1751 937 1809 si

158 1847 221 1923 quis
241 1847 279 1906 sit
298 1867 373 1907 unus
392 1848 560 1924 complexus
578 1866 686 1918 omnes,
703 1847 836 1923 idemque
856 1848 880 1905 si
901 1848 936 1905 nd

158 1962 207 2001 ens
226 1944 390 2004 facultatem
418 1944 500 2003 istam
520 1943 706 2002 omatissimn
733 1944 870 2001 orationis
890 1944 937 2001 ad-

154 2038 296 2114 junxerim
318 2058 375 2098 non
389 2058 503 2114 possum
517 2039 624 2109 dicere,
638 2057 703 2096 eum
717 2058 776 2096 non
789 2038 936 2115 egregium

158 2135 300 2208 quendum
314 2136 457 2193 hominem
472 2145 556 2208 utque
577 2134 774 2193 admirandum
788 2134 863 2192 fore:
885 2135 935 2192 sed

112 2250 144 2300 ω
158 2229 193 2303 is,
207 2230 292 2305 siqui
312 2240 396 2301 esset,
412 2240 459 2287 eut
475 2230 499 2287 si
513 2230 600 2289 etiarn
619 2249 744 2304 unquam
764 2230 872 2301 fuisset,
888 2242 937 2289 eut

158 2326 261 2385 verosi
280 2344 342 2386 esse
361 2336 465 2401 posset,
479 2335 510 2383 tu
530 2327 608 2382 esses
627 2344 702 2384 unus
720 2325 866 2399 prosect03
887 2327 937 2401 qui

158 2433 188 2480 et
211 2440 275 2481 meo
294 2421 414 2497 judicio,
438 2432 467 2477 et
489 2421 625 2493 omnium,
650 2421 697 2478 vix
723 2420 808 2479 ullam
833 2423 938 2481 ceteris

158 2518 318 2577 oratoribus
339 2516 423 2594 (pecs
444 2515 544 2575 horum
572 2517 706 2596 dixerim)
733 2517 847 2575 laudem
873 2519 938 2577 reli-

158 2614 252 2688 quisti.
292 2614 401 2671 Verum
421 2613 446 2671 si
465 2613 517 2670 tibi
538 2613 592 2688 ipsi
612 2613 681 2671 nihil
703 2614 793 2684 deest,
809 2615 886 2688 quod
907 2615 937 2672 in

108 2709 318 2775 &forensibus
354 2710 439 2767 robus
475 2708 662 2784 civilibusque
697 2720 833 2781 versetur,
868 2711 936 2783 quin

157 2806 244 2877 scius,
257 2824 350 2879 neque
370 2824 431 2863 eam
452 2815 548 2863 tamen
567 2805 726 2876 scientiam,
741 2824 826 2880 quam
840 2805 937 2879 adjun-

157 2902 203 2980 gis
217 2902 333 2973 oratori,
348 2903 511 2977 complexus
532 2920 578 2969 es;
600 2900 755 2972 videamus,
769 2920 807 2958 ne
826 2899 889 2975 plus
908 2899 936 2957 ei

157 2998 278 3072 tribuas,
291 3016 375 3073 quum
389 3017 434 3055 res
447 3008 477 3055 et
491 2997 593 3055 veritus
607 2996 669 3072 ipsa
681 2995 829 3056 concedat
