2109 3417
113 273 144 319 r..
154 273 197 332 ιι]
397 271 441 318 nc
461 271 626 320 onerose.
890 263 948 324 143

111 422 245 494 tirtionc,
260 422 375 480 efficere
394 439 554 497 possumus.
596 421 662 480 Jum
677 439 745 480 vero
764 421 903 480 narratio-

113 539 181 576 nem
202 520 278 594 quod
297 520 400 596 jubent
419 519 601 576 verisimilem
622 537 695 590 esse,
715 529 745 576 et
766 530 902 594 apertam,

114 626 144 673 et
174 617 298 686 brevem,
325 626 404 672 recte
436 634 490 672 nos
523 615 695 672 admonent:
729 615 806 689 quod
840 615 902 674 haec

113 711 287 768 narrationis
314 711 406 787 magis
435 721 537 786 putant
569 729 633 768 esse
665 710 789 786 propria,
817 729 902 786 quem

114 808 202 865 totins
235 807 383 878 orationis,
412 806 494 864 vulde
526 806 597 864 mihi
625 805 756 864 ridentur
789 814 932 864 errare:5

114 905 291 978 omninoque
312 905 341 960 in
362 905 419 961 hoc
438 903 533 960 omnis
553 914 597 960 est
615 919 704 975 error,
718 902 793 979 quod
808 903 903 961 existi·

115 1011 205 1069 mant,
221 1001 371 1058 artificium
385 1019 447 1057 esse
462 1000 519 1056 hoc
532 999 675 1074 quoddam
690 1019 748 1056 non
763 999 902 1066 dissimile

115 1107 289 1168 ceterorum,
300 1097 461 1172 cujusmodi
472 1097 509 1153 de
523 1097 585 1172 ipsc
597 1096 660 1173 jure
675 1096 753 1154 civili
767 1098 903 1155 hesterno

114 1194 163 1249 die
185 1195 306 1250 Crassus
326 1193 458 1268 componi
478 1211 560 1269 posse
586 1194 717 1250 dicebat:
745 1203 775 1250 ut
795 1211 904 1271 genera

115 1308 211 1347 rerum
232 1290 354 1364 primum
375 1299 594 1364 exponerentur,
610 1289 640 1346 in
658 1307 715 1364 quo
729 1289 828 1347 vitium
849 1299 902 1361 est,
918 1295 949 1347 tt

114 1386 140 1442 si
160 1405 253 1461 genus
273 1385 361 1442 ulium
383 1385 631 1461 praetermittatur:
653 1384 758 1442 deiude
778 1385 904 1462 singulo-

114 1501 179 1539 rum
200 1501 338 1557 generum
358 1491 462 1557 partes,
484 1481 512 1538 iu
535 1499 591 1554 quo
611 1492 640 1538 et
659 1481 759 1538 deesse
780 1481 903 1558 aliquem

115 1590 236 1654 partem,
251 1589 280 1635 et
299 1596 443 1653 superare,
458 1577 628 1634 mendosum
648 1588 707 1634 est:
728 1587 789 1634 tum
805 1578 904 1634 verbo-

115 1694 180 1731 rum
200 1675 328 1731 omnium
349 1673 541 1743 definitiones,
563 1673 592 1729 in
613 1673 716 1748 quibus
736 1691 831 1753 neque
857 1673 904 1731 ub-

115 1790 180 1828 esse
193 1770 349 1846 quidquam
363 1770 456 1841 decet,
470 1788 563 1845 neque
577 1769 747 1832 redundare,
920 1771 951 1821 15

156 1964 226 2022 XX.
257 1963 316 2021 Sed
337 1964 394 2021 hoc
413 1964 437 2022 si
458 1964 488 2022 in
512 1965 578 2040 jure
604 1964 692 2036 civili,
714 1964 737 2022 si
758 1963 844 2023 etiem
872 1964 903 2024 in

114 2061 211 2138 parvis
232 2070 281 2118 tut
300 2061 494 2118 mediocribus
513 2062 600 2119 rebus
619 2061 763 2120 doctiores
790 2060 902 2137 assequi

114 2167 252 2234 possunt;
286 2175 345 2214 non
372 2157 447 2215 idem
478 2157 581 2229 sentio,
608 2159 688 2216 tentit
722 2158 777 2216 huc
803 2157 833 2216 in
860 2175 901 2230 re,

115 2264 232 2328 tamque
252 2254 403 2323 immensi,
424 2272 507 2329 posse
531 2254 602 2312 fieri.
657 2254 710 2312 Sin
735 2265 829 2311 nutem
853 2253 902 2330 qui

116 2351 299 2422 arbitrantur,
327 2350 490 2408 deducendi
523 2360 590 2407 sunt
618 2349 653 2407 ed
680 2367 730 2407 eos
759 2350 807 2425 qui
840 2351 903 2408 haec
919 2355 952 2406 w

115 2448 239 2519 docent:
261 2446 358 2504 omniu
374 2447 433 2522 jum
454 2446 597 2523 explicatu
616 2455 645 2504 et
665 2445 806 2522 perpolita
829 2465 903 2504 essc-

115 2553 255 2618 qnentur3
277 2553 343 2601 sunt
363 2543 441 2600 cuim
462 2543 685 2600 innumerabiles
699 2543 736 2599 de
753 2542 799 2600 his
817 2544 904 2601 rebus

115 2639 192 2710 libri,
207 2657 301 2714 neque
322 2640 410 2697 abditi
430 2657 526 2714 neque
539 2639 663 2698 obscuri.
705 2637 764 2696 Sed
777 2639 904 2713 videant,

115 2735 184 2810 quid
199 2736 303 2805 velint3
325 2737 360 2792 ed
381 2735 586 2806 ludendumne,
603 2755 639 2792 uu
654 2735 689 2792 ud
706 2736 904 2812 pugnandum,

115 2849 195 2890 erma
215 2833 273 2889 sint
293 2833 422 2890 sumturi.
464 2832 555 2889 Aliud
572 2832 649 2888 enim
662 2841 801 2907 pugnaci
815 2831 902 2903 ecies,
919 2836 951 2887 tt

116 2928 194 2985 uliud
214 2929 300 2987 ludus
320 2947 494 3005 campusque
521 2938 630 2998 noster,
650 2926 802 2985 desiderat.
851 2927 904 2984 At·

114 3034 212 3086 temen
233 3045 279 3084 ars
299 3025 361 3103 ipse
379 3026 491 3086 ludicra
509 3042 652 3085 armorum
665 3033 694 3084 et
708 3021 860 3105 glsdiutori
873 3031 906 3083 et
