2109 3417
147 278 223 341 -n.r.]
434 276 477 322 nr:
499 274 662 321 onerose.
964 268 985 325 o

152 425 316 501 rissimique
343 425 484 483 senserint
506 425 544 481 de
566 424 645 482 omni
674 422 786 481 ratione
812 422 937 481 dicendi.

154 524 209 580 Vis
229 523 315 593 enim,
336 532 369 579 ut
388 521 458 579 mihi
479 540 555 597 sepe
574 520 688 591 dixisti3
709 520 845 595 quoniam
871 540 936 596 que

153 620 260 694 pueris,
276 629 324 675 aut
339 618 560 675 adolescentulis
573 617 657 675 nobis
670 636 705 673 ex
719 618 938 674 commentario-
1002 623 1007 643 ¹

153 715 189 772 lis
202 716 307 772 nostris
328 715 462 771 inchoata
476 733 510 771 ac
524 714 608 770 rudia
627 713 805 783 exciderunt,
820 713 867 770 rix
882 714 937 771 hac

153 822 237 869 aetete
258 811 354 888 digne,
376 820 404 867 et
424 810 480 867 hoc
501 829 565 880 usu,
587 827 671 883 quem
692 826 729 866 ex
747 810 851 880 causis,
867 816 967 884 quas5

153 904 287 977 diximus,
302 918 344 964 tot
358 907 519 981 tantisque3
541 906 690 963 consecuti
705 924 812 975 sumus,
830 905 935 981 aliquid

152 1003 254 1062 iisdem
275 1003 311 1059 de
331 1004 417 1059 rebus
442 1002 560 1077 politius
580 1020 596 1059 a
615 1001 700 1058 nobis
725 1001 935 1077 perfectiusque

151 1099 287 1174 proferri:
309 1099 438 1173 solesque
458 1116 663 1172 nonnunquam
684 1098 739 1154 hnc
760 1098 796 1153 de
813 1116 845 1153 re
860 1103 935 1155 arne

152 1194 184 1252 in
204 1194 442 1270 disputationibus
462 1195 567 1251 nostris
588 1193 755 1263 dissentire3
783 1194 859 1268 quod
879 1212 935 1271 ego

151 1291 437 1367 prudentissimorum
458 1291 606 1347 hominurn
624 1291 732 1347 artibus
745 1290 933 1365 eloquentiam
950 1296 982 1347 1⁰

152 1388 295 1444 contineri
315 1397 453 1458 statuam3
474 1399 505 1443 tu
527 1398 621 1444 autern
642 1387 720 1443 iilam
741 1387 777 1444 ab
789 1386 933 1463 elegantiis

152 1483 291 1553 doctrinoe
325 1484 528 1560 segregandam
562 1493 654 1558 putes,
684 1492 714 1539 et
746 1482 775 1540 in
809 1484 933 1558 quodam

151 1579 262 1657 ingenii
283 1589 366 1654 atque
385 1580 598 1637 exercitationis
617 1598 722 1656 genere
741 1580 909 1655 ponendam.

191 1677 239 1733 Ac
266 1676 337 1733 mihi
365 1675 479 1750 quidem
513 1694 717 1750 sepenumero,
744 1675 775 1732 iu
807 1694 934 1733 summos

152 1772 283 1829 homines
304 1790 338 1829 ac
358 1771 476 1829 summis
496 1772 621 1847 ingeniis
641 1771 775 1847 preditos
800 1772 933 1843 intuenti,
948 1780 979 1828 15

152 1868 336 1942 querendum
369 1886 432 1925 esse
463 1866 555 1923 visum
587 1875 641 1938 est,
668 1866 737 1940 quid
769 1876 854 1936 esset,
882 1885 934 1923 cur

150 1963 247 2039 plures
269 1964 299 2022 in
322 1963 455 2020 omnibus
476 1962 571 2031 rebus,
585 1981 669 2038 quam
691 1963 720 2019 in
742 1963 867 2020 dicendo
888 1964 935 2020 ad·

151 2060 297 2116 mirabiles
317 2059 506 2128 exstitissent:
528 2078 604 2131 narn,
625 2078 806 2134 quocumque
825 2070 854 2117 te
875 2061 935 2117 ani·

151 2174 200 2212 rno
219 2165 249 2212 et
269 2154 442 2232 cogitatione
462 2156 646 2223 converteris,
666 2157 822 2231 permultos
841 2157 934 2214 excel-

150 2251 243 2308 lentes
270 2251 300 2307 in
327 2270 439 2327 quoque
465 2270 571 2327 genere
598 2253 717 2320 videbis,
741 2272 799 2310 non
826 2253 933 2310 medio-
946 2259 979 2309 ω

152 2348 244 2405 crium
273 2347 385 2418 artium,
413 2347 463 2404 sed
490 2367 579 2424 prope
605 2349 799 2407 maximarum.
854 2350 933 2410 Quis

151 2444 229 2501 enim
249 2453 302 2511 est,
322 2435 381 2518 qui,
403 2443 426 2500 si
448 2444 587 2505 clarorum
608 2445 755 2504 hominum
782 2445 932 2503 scientiam

152 2558 247 2597 rerum
273 2549 417 2617 gestarum
444 2540 487 2596 vel
515 2540 638 2598 utilitate
663 2541 707 2597 vel
736 2542 932 2617 magnitudine

154 2636 246 2693 metiri
260 2636 336 2707 velit,
350 2654 409 2693 non
424 2646 578 2711 anteponat
590 2636 697 2693 oratori
715 2636 932 2713 imperatorem?

152 2730 230 2792 Quis
250 2744 344 2791 actem
363 2732 483 2803 dubitet,
498 2731 567 2805 quin
581 2733 648 2789 belli
662 2732 751 2797 duces
763 2734 933 2808 prestantis-
946 2751 978 2799 25

151 2826 240 2885 simos
259 2846 294 2886 ex
314 2828 370 2885 hac
389 2829 447 2885 und
467 2828 583 2885 civitate
601 2847 682 2903 pene
702 2829 930 2898 innumerabiles,

151 2922 327 2981 indicendo
349 2934 441 2981 autem
469 2924 642 2981 excellentes
661 2924 708 2981 vix
733 2943 841 3000 paucos
869 2940 933 2995 pro-

151 3019 227 3079 ferre
247 3019 408 3097 possimus?
448 3020 514 3077 Jam
535 3037 612 3097 vero,
626 3019 749 3077 consilio
769 3038 804 3074 ec
823 3014 933 3085 supien-
