2109 3417
18 366 21 390 ι
96 291 187 357 amq
375 297 419 345 oa
440 297 603 345 onerosa
865 286 923 345 135

95 441 176 500 tinus
200 442 334 521 Gorgias,
362 463 418 522 quo
443 455 566 521 patrono
593 444 638 521 (ut
665 443 746 504 Plato
772 444 874 523 voluit)

96 537 266 614 philosopho
292 541 445 599 succubuit
469 552 574 613 orator,
598 540 647 615 qui
675 551 722 598 aut
747 560 806 599 non
832 550 875 599 eat

18 635 20 654 '
96 634 189 691 victus
216 653 338 711 unquam
372 656 389 693 a
421 638 550 707 Socrate,
577 655 669 711 neque
702 655 795 693 sermo
828 636 875 695 ille

97 728 225 787 Platonis
239 750 320 788 verus
336 743 394 803 est;
416 743 473 804 aut,
488 732 512 790 si
527 742 570 789 est
583 733 683 803 victus,
698 732 875 807 eloquentior

18 831 19 834 ’
97 825 230 882 videlicet
255 827 309 885 suit
335 838 364 885 et
390 828 519 885 disertior
552 828 694 899 Socrates,
722 838 760 898 et,
787 838 818 885 ut
844 834 908 885 tuo

96 922 230 996 appellas,
245 923 386 997 copiosior
401 934 429 981 et
443 923 543 981 melior
557 935 660 982 orator.
701 924 759 981 Sed
773 924 831 995 hic,
845 924 875 981 in

96 1017 144 1075 illo
164 1017 226 1093 ipao
245 1018 373 1077 Platonis
392 1019 475 1091 libro,
490 1019 526 1076 de
544 1020 621 1078 omni
635 1038 675 1090 re,
690 1039 878 1095 quaecumque

97 1112 126 1169 iu
147 1112 381 1189 disceptationem
407 1116 647 1190 quaestionemque
666 1126 823 1187 vocaretur,
844 1134 876 1173 ae

97 1209 292 1284 copiosissime
324 1211 467 1269 dicturum
499 1228 562 1267 esse
595 1210 757 1285 profitetur;
795 1212 877 1287 isque

96 1303 228 1381 princeps
253 1292 290 1361 ex
315 1305 449 1363 omnibus
479 1325 564 1362 ausus
597 1315 640 1362 est
673 1306 702 1363 in
735 1314 925 1365 conventum

96 1419 223 1475 poscere,
245 1401 302 1475 qual
325 1400 361 1457 de
384 1418 414 1458 re
438 1400 557 1475 quisque
579 1400 664 1457 vellet
687 1402 800 1458 audire:
828 1403 876 1461 cui

96 1504 192 1552 tantus
215 1495 307 1552 honos
330 1495 443 1554 habitus
466 1506 509 1552 est
533 1514 550 1553 a
572 1495 695 1565 Graeciai,
716 1495 770 1552 soli
790 1506 821 1553 ut
841 1516 877 1556 ex

97 1589 240 1661 omnibus,
273 1590 402 1665 Delphis,
436 1609 494 1647 non
531 1590 661 1647 inaurata
692 1600 795 1661 statua,
827 1592 879 1649 see

99 1704 193 1756 aurea,
221 1696 398 1743 statueretur.
452 1686 547 1761 Atque
571 1686 602 1757 ii,
626 1705 697 1760 quos
723 1685 878 1758 nominavi,

97 1782 235 1856 multique
255 1792 392 1857 praeterea
410 1781 513 1839 summi
535 1782 649 1838 dicendi
667 1791 923 1851 auctores,un015

98 1888 225 1953 tempore
246 1877 376 1934 suerunt:
403 1877 561 1951 exquibus
582 1876 702 1953 intelligi
722 1886 823 1952 potest,
838 1877 879 1937 ita

97 1993 129 2032 se
149 1991 209 2031 rem
229 1973 343 2045 habere,
357 1985 389 2029 ut
408 1983 450 2043 tu,
465 1972 578 2042 Crasse,
592 1972 680 2041 dicis3
702 1974 878 2048 oratorisque

98 2088 203 2128 nomen
218 2069 291 2145 apud
307 2068 447 2143 antiquos,
459 2068 488 2125 in
499 2068 622 2139 Graecii,
634 2068 740 2143 majore
756 2069 878 2144 quidam

97 2165 141 2223 vel
168 2165 262 2241 copii'
279 2164 322 2221 vel
356 2164 447 2241 gloria
476 2163 614 2223 floruisse.
667 2164 737 2225 Quo
763 2165 877 2239 quidem

98 2260 188 2336 magis
221 2259 330 2329 dubito,
358 2258 449 2317 tibine
481 2258 545 2334 plus
577 2259 678 2329 laudis,
707 2278 741 2317 an
768 2260 923 2322 Graeciam

98 2354 322 2429 vituperationis,
346 2372 409 2412 esse
435 2354 616 2412 tribuendum
643 2365 780 2423 statuam;
811 2374 877 2413 cum

98 2461 140 2520 tu,
155 2450 184 2505 in
205 2450 260 2506 alit
280 2450 378 2526 lingui
399 2470 433 2507 ac
447 2450 573 2507 moribus
587 2460 679 2521 natus,
694 2452 877 2526 occupatissi-

99 2546 146 2603 mi
173 2546 201 2602 in
230 2545 353 2616 civitate,
380 2546 422 2602 vel
450 2546 623 2620 privatorum
649 2530 771 2622 negotiis
797 2565 877 2622 paene

98 2640 241 2711 omnibus,
255 2641 298 2696 vel
313 2640 390 2697 orbis
403 2650 484 2697 terrae
503 2641 712 2717 procuratione,
727 2661 761 2699 ac
775 2642 890 2701 suriani.

99 2736 210 2813 imperii
234 2735 437 2813 gubernatione
460 2736 615 2807 districtus,
636 2747 743 2795 tantam
765 2738 820 2796 vim
835 2757 878 2795 rc·
891 2754 924 2803 25

98 2852 162 2891 rum
191 2831 441 2909 cognitionemque
474 2832 731 2907 comprehenderis,
759 2852 878 2908 eamque

99 2946 213 2987 omnem
237 2945 303 2984 cum
331 2926 401 3003 ejus,
422 2926 471 3001 qui
491 2927 613 2984 consilio
638 2938 667 2985 et
693 2929 821 2985 oratione
847 2928 877 2987 in

100 3024 214 3083 civitate
227 3023 328 3095 valeat,
342 3022 463 3081 scientia
477 3033 561 3098 atque
575 3024 775 3083 exercitatione
788 3024 878 3082 socia·
