<?xml version="1.0" encoding="UTF-8"?>
<!DOCTYPE html PUBLIC "-//W3C//DTD XHTML 1.0 Transitional//EN"
    "http://www.w3.org/TR/xhtml1/DTD/xhtml1-transitional.dtd">
<html xmlns="http://www.w3.org/1999/xhtml" xml:lang="en" lang="en">
 <head>
  <title>
</title>
<meta http-equiv="Content-Type" content="text/html;charset=utf-8" />
  <meta name='ocr-system' content='tesseract 3.04.00' />
  <meta name='ocr-capabilities' content='ocr_page ocr_carea ocr_par ocr_line ocrx_word'/>
</head>
<body>
  <div class='ocr_page' id='page_1' title='image "./mtciceronisadqu00dillgoog_0167.png"; bbox 0 0 2109 3417; ppageno 0'>
   <div class='ocr_carea' id='block_1_1' title="bbox 116 265 942 334">
    <p class='ocr_par' dir='ltr' id='par_1_1' title="bbox 116 265 942 334">
     <span class='ocr_line' id='line_1_1' title="bbox 116 265 942 334; baseline 0.006 -15"><span class='ocrx_word' id='word_1_1' title='bbox 116 272 146 320; x_wconf 83' lang='lat'><strong>1..</strong></span> <span class='ocrx_word' id='word_1_2' title='bbox 157 272 200 334; x_wconf 87' lang='lat' dir='ltr'><strong>n]</strong></span> <span class='ocrx_word' id='word_1_3' title='bbox 399 273 442 320; x_wconf 83' lang='lat' dir='ltr'><strong>oa</strong></span> <span class='ocrx_word' id='word_1_4' title='bbox 462 272 626 322; x_wconf 77' lang='lat' dir='ltr'><strong>onuaouu.</strong></span> <span class='ocrx_word' id='word_1_5' title='bbox 890 265 942 327; x_wconf 82' lang='lat' dir='ltr'><strong>tot</strong></span> 
     </span>
    </p>
   </div>
   <div class='ocr_carea' id='block_1_2' title="bbox 92 403 935 690">
    <p class='ocr_par' dir='ltr' id='par_1_2' title="bbox 92 403 935 690">
     <span class='ocr_line' id='line_1_2' title="bbox 116 403 902 499; baseline 0.004 -21"><span class='ocrx_word' id='word_1_6' title='bbox 116 421 279 482; x_wconf 79' lang='lat' dir='ltr'><strong>doctrinam</strong></span> <span class='ocrx_word' id='word_1_7' title='bbox 293 403 452 494; x_wconf 75' lang='lat' dir='ltr'><strong>oont‘iuere,</strong></span> <span class='ocrx_word' id='word_1_8' title='bbox 466 422 503 480; x_wconf 88' lang='lat' dir='ltr'><strong>de</strong></span> <span class='ocrx_word' id='word_1_9' title='bbox 515 423 550 480; x_wconf 78' lang='lat' dir='ltr'><strong>ad</strong></span> <span class='ocrx_word' id='word_1_10' title='bbox 564 423 687 498; x_wconf 85' lang='lat' dir='ltr'><strong>primum</strong></span> <span class='ocrx_word' id='word_1_11' title='bbox 700 421 858 499; x_wconf 75' lang='lat' dir='ltr'>loquemur,</span> <span class='ocrx_word' id='word_1_12' title='bbox 872 432 902 482; x_wconf 86' lang='lat' dir='ltr'><strong>et</strong></span> 
     </span>
     <span class='ocr_line' id='line_1_3' title="bbox 92 513 935 594; baseline 0 -18"><span class='ocrx_word' id='word_1_13' title='bbox 92 557 95 562; x_wconf 88' lang='lat'><em>-</em></span> <span class='ocrx_word' id='word_1_14' title='bbox 115 536 211 594; x_wconf 79' lang='lat' dir='ltr'><strong>pausa</strong></span> <span class='ocrx_word' id='word_1_15' title='bbox 224 518 361 576; x_wconf 83' lang='lat' dir='ltr'><strong>dieamus.</strong></span> <span class='ocrx_word' id='word_1_16' title='bbox 402 518 499 576; x_wconf 82' lang='lat' dir='ltr'><strong>Pauca</strong></span> <span class='ocrx_word' id='word_1_17' title='bbox 512 519 589 576; x_wconf 86' lang='lat' dir='ltr'><strong>enim</strong></span> <span class='ocrx_word' id='word_1_18' title='bbox 604 529 680 590; x_wconf 90' lang='lat' dir='ltr'><strong>sunt,</strong></span> <span class='ocrx_word' id='word_1_19' title='bbox 692 538 756 594; x_wconf 80' lang='lat' dir='ltr'><strong>quae</strong></span> <span class='ocrx_word' id='word_1_20' title='bbox 771 538 824 576; x_wconf 90' lang='lat' dir='ltr'><strong>usu</strong></span> <span class='ocrx_word' id='word_1_21' title='bbox 842 518 901 594; x_wconf 80' lang='lat' dir='ltr'><strong>jam</strong></span> <span class='ocrx_word' id='word_1_22' title='bbox 930 513 935 524; x_wconf 85' lang='lat'>&#39;</span> 
     </span>
     <span class='ocr_line' id='line_1_4' title="bbox 116 614 900 690; baseline 0.003 -20"><span class='ocrx_word' id='word_1_23' title='bbox 116 624 248 685; x_wconf 83' lang='lat' dir='ltr'><strong>tractata,</strong></span> <span class='ocrx_word' id='word_1_24' title='bbox 261 625 291 670; x_wconf 89' lang='lat' dir='ltr'><strong>et</strong></span> <span class='ocrx_word' id='word_1_25' title='bbox 305 614 401 672; x_wconf 89' lang='lat' dir='ltr'><strong>animo</strong></span> <span class='ocrx_word' id='word_1_26' title='bbox 420 614 502 690; x_wconf 85' lang='lat' dir='ltr'><strong>qussi</strong></span> <span class='ocrx_word' id='word_1_27' title='bbox 516 614 620 672; x_wconf 82' lang='lat' dir='ltr'><strong>habere</strong></span> <span class='ocrx_word' id='word_1_28' title='bbox 635 625 733 673; x_wconf 87' lang='lat' dir='ltr'><strong>notata</strong></span> <span class='ocrx_word' id='word_1_29' title='bbox 746 614 900 672; x_wconf 84' lang='lat' dir='ltr'><strong>videamur.</strong></span> 
     </span>
    </p>
   </div>
   <div class='ocr_carea' id='block_1_3' title="bbox 116 805 951 2998">
    <p class='ocr_par' dir='ltr' id='par_1_3' title="bbox 116 805 951 2998">
     <span class='ocr_line' id='line_1_5' title="bbox 156 805 900 882; baseline 0.004 -20"><span class='ocrx_word' id='word_1_30' title='bbox 156 805 257 863; x_wconf 86' lang='lat' dir='ltr'>XXX.</span> <span class='ocrx_word' id='word_1_31' title='bbox 288 805 335 864; x_wconf 86' lang='lat' dir='ltr'><strong>Ao</strong></span> <span class='ocrx_word' id='word_1_32' title='bbox 348 805 401 864; x_wconf 88' lang='lat' dir='ltr'><strong>tibi</strong></span> <span class='ocrx_word' id='word_1_33' title='bbox 420 805 564 882; x_wconf 77' lang='lat' dir='ltr'><strong>sapienter</strong></span> <span class='ocrx_word' id='word_1_34' title='bbox 584 807 722 878; x_wconf 87' lang='lat' dir='ltr'><strong>mouenti,</strong></span> <span class='ocrx_word' id='word_1_35' title='bbox 738 806 771 866; x_wconf 90' lang='lat' dir='ltr'><strong>L.</strong></span> <span class='ocrx_word' id='word_1_36' title='bbox 786 807 900 879; x_wconf 80' lang='lat' dir='ltr'><strong>Crasse,</strong></span> 
     </span>
     <span class='ocr_line' id='line_1_6' title="bbox 116 900 932 979; baseline 0.002 -21"><span class='ocrx_word' id='word_1_37' title='bbox 116 900 239 958; x_wconf 84' lang='lat' dir='ltr'>libenter</span> <span class='ocrx_word' id='word_1_38' title='bbox 266 902 461 974; x_wconf 80' lang='lat' dir='ltr'>assentiemur,</span> <span class='ocrx_word' id='word_1_39' title='bbox 478 905 521 963; x_wconf 77' lang='lat' dir='ltr'><strong>,itt</strong></span> <span class='ocrx_word' id='word_1_40' title='bbox 547 902 722 979; x_wconf 82' lang='lat' dir='ltr'><strong>singularum</strong></span> <span class='ocrx_word' id='word_1_41' title='bbox 750 911 932 962; x_wconf 67' lang='lat' dir='ltr'><strong>construunt</strong></span> 
     </span>
     <span class='ocr_line' id='line_1_7' title="bbox 117 997 900 1076; baseline 0.003 -22"><span class='ocrx_word' id='word_1_42' title='bbox 117 997 308 1070; x_wconf 74' lang='lat' dir='ltr'><strong>defensiones,</strong></span> <span class='ocrx_word' id='word_1_43' title='bbox 322 1018 393 1074; x_wconf 86' lang='lat' dir='ltr'><strong>quus</strong></span> <span class='ocrx_word' id='word_1_44' title='bbox 405 999 498 1056; x_wconf 79' lang='lat' dir='ltr'><strong>solent</strong></span> <span class='ocrx_word' id='word_1_45' title='bbox 515 999 644 1076; x_wconf 82' lang='lat' dir='ltr'>magistri</span> <span class='ocrx_word' id='word_1_46' title='bbox 664 1002 759 1076; x_wconf 86' lang='lat' dir='ltr'><strong>pueris</strong></span> <span class='ocrx_word' id='word_1_47' title='bbox 778 1000 900 1071; x_wconf 87' lang='lat' dir='ltr'><strong>tradere,</strong></span> 
     </span>
     <span class='ocr_line' id='line_1_8' title="bbox 116 1081 900 1171; baseline 0.003 -21"><span class='ocrx_word' id='word_1_48' title='bbox 116 1092 311 1169; x_wconf 77' lang='lat' dir='ltr'><strong>relinquamus</strong></span> <span class='ocrx_word' id='word_1_49' title='bbox 318 1115 326 1165; x_wconf 92' lang='lat'>;</span> <span class='ocrx_word' id='word_1_50' title='bbox 348 1095 507 1170; x_wconf 84' lang='lat' dir='ltr'><strong>aperiamus</strong></span> <span class='ocrx_word' id='word_1_51' title='bbox 528 1106 623 1154; x_wconf 88' lang='lat' dir='ltr'><strong>autem</strong></span> <span class='ocrx_word' id='word_1_52' title='bbox 644 1115 679 1154; x_wconf 86' lang='lat' dir='ltr'><strong>aa</strong></span> <span class='ocrx_word' id='word_1_53' title='bbox 698 1095 802 1171; x_wconf 81' lang='lat' dir='ltr'><strong>capita,</strong></span> <span class='ocrx_word' id='word_1_54' title='bbox 824 1081 900 1153; x_wconf 86' lang='lat' dir='ltr'><strong>uude</strong></span> 
     </span>
     <span class='ocr_line' id='line_1_9' title="bbox 117 1189 901 1268; baseline 0.004 -22"><span class='ocrx_word' id='word_1_55' title='bbox 117 1189 212 1246; x_wconf 88' lang='lat' dir='ltr'><strong>omnis</strong></span> <span class='ocrx_word' id='word_1_56' title='bbox 232 1191 268 1248; x_wconf 91' lang='lat' dir='ltr'><strong>ad</strong></span> <span class='ocrx_word' id='word_1_57' title='bbox 286 1210 400 1250; x_wconf 87' lang='lat' dir='ltr'><strong>omnem</strong></span> <span class='ocrx_word' id='word_1_58' title='bbox 419 1202 448 1248; x_wconf 88' lang='lat' dir='ltr'><strong>et</strong></span> <span class='ocrx_word' id='word_1_59' title='bbox 462 1210 577 1250; x_wconf 84' lang='lat' dir='ltr'><strong>oausam</strong></span> <span class='ocrx_word' id='word_1_60' title='bbox 592 1202 621 1250; x_wconf 87' lang='lat' dir='ltr'><strong>et</strong></span> <span class='ocrx_word' id='word_1_61' title='bbox 634 1193 792 1253; x_wconf 88' lang='lat' dir='ltr'><strong>orationem</strong></span> <span class='ocrx_word' id='word_1_62' title='bbox 806 1193 901 1268; x_wconf 85' lang='lat' dir='ltr'><strong>dispu-</strong></span> 
     </span>
     <span class='ocr_line' id='line_1_10' title="bbox 116 1285 942 1364; baseline 0.01 -22"><span class='ocrx_word' id='word_1_63' title='bbox 116 1285 189 1352; x_wconf 80' lang='lat' dir='ltr'><strong>tatio</strong></span> <span class='ocrx_word' id='word_1_64' title='bbox 215 1286 337 1344; x_wconf 80' lang='lat' dir='ltr'><strong>ducitur.</strong></span> <span class='ocrx_word' id='word_1_65' title='bbox 392 1287 495 1364; x_wconf 82' lang='lat' dir='ltr'>Neque</span> <span class='ocrx_word' id='word_1_66' title='bbox 526 1288 615 1359; x_wconf 87' lang='lat' dir='ltr'><strong>euim,</strong></span> <span class='ocrx_word' id='word_1_67' title='bbox 643 1289 755 1363; x_wconf 88' lang='lat' dir='ltr'><strong>quoties</strong></span> <span class='ocrx_word' id='word_1_68' title='bbox 784 1289 900 1346; x_wconf 86' lang='lat' dir='ltr'><strong>verbum</strong></span> <span class='ocrx_word' id='word_1_69' title='bbox 938 1343 942 1350; x_wconf 95' lang='lat'><em>.</em></span> 
     </span>
     <span class='ocr_line' id='line_1_11' title="bbox 118 1381 948 1460; baseline 0.005 -22"><span class='ocrx_word' id='word_1_70' title='bbox 118 1381 233 1456; x_wconf 81' lang='lat' dir='ltr'><strong>aliquod</strong></span> <span class='ocrx_word' id='word_1_71' title='bbox 253 1393 296 1440; x_wconf 88' lang='lat' dir='ltr'><strong>est</strong></span> <span class='ocrx_word' id='word_1_72' title='bbox 315 1383 500 1443; x_wconf 79' lang='lat' dir='ltr'><strong>scribendum</strong></span> <span class='ocrx_word' id='word_1_73' title='bbox 520 1385 614 1456; x_wconf 88' lang='lat' dir='ltr'><strong>nobis,</strong></span> <span class='ocrx_word' id='word_1_74' title='bbox 636 1385 720 1442; x_wconf 86' lang='lat' dir='ltr'><strong>toties</strong></span> <span class='ocrx_word' id='word_1_75' title='bbox 741 1385 803 1460; x_wconf 87' lang='lat' dir='ltr'><strong>ejus</strong></span> <span class='ocrx_word' id='word_1_76' title='bbox 823 1385 901 1442; x_wconf 85' lang='lat' dir='ltr'><strong>verbi</strong></span> <span class='ocrx_word' id='word_1_77' title='bbox 917 1392 948 1442; x_wconf 81' lang='lat'><strong>10</strong></span> 
     </span>
     <span class='ocr_line' id='line_1_12' title="bbox 116 1476 903 1556; baseline 0.005 -22"><span class='ocrx_word' id='word_1_78' title='bbox 116 1476 206 1536; x_wconf 82' lang='lat' dir='ltr'><strong>literae</strong></span> <span class='ocrx_word' id='word_1_79' title='bbox 219 1489 286 1542; x_wconf 87' lang='lat' dir='ltr'><strong>sunt</strong></span> <span class='ocrx_word' id='word_1_80' title='bbox 299 1478 474 1555; x_wconf 71' lang='lat' dir='ltr'><strong>cogitatione</strong></span> <span class='ocrx_word' id='word_1_81' title='bbox 485 1480 703 1554; x_wconf 76' lang='lat' dir='ltr'><strong>conquirendae,</strong></span> <span class='ocrx_word' id='word_1_82' title='bbox 725 1499 779 1538; x_wconf 86' lang='lat' dir='ltr'><strong>neo</strong></span> <span class='ocrx_word' id='word_1_83' title='bbox 791 1481 903 1556; x_wconf 84' lang='lat' dir='ltr'><strong>quoties</strong></span> 
     </span>
     <span class='ocr_line' id='line_1_13' title="bbox 117 1574 904 1652; baseline 0.005 -20"><span class='ocrx_word' id='word_1_84' title='bbox 117 1591 207 1632; x_wconf 80' lang='lat' dir='ltr'><strong>eausa</strong></span> <span class='ocrx_word' id='word_1_85' title='bbox 226 1574 350 1632; x_wconf 78' lang='lat' dir='ltr'><strong>dicenda</strong></span> <span class='ocrx_word' id='word_1_86' title='bbox 368 1585 422 1646; x_wconf 88' lang='lat' dir='ltr'><strong>est,</strong></span> <span class='ocrx_word' id='word_1_87' title='bbox 435 1575 521 1632; x_wconf 88' lang='lat' dir='ltr'><strong>toties</strong></span> <span class='ocrx_word' id='word_1_88' title='bbox 542 1575 577 1633; x_wconf 89' lang='lat' dir='ltr'><strong>ad</strong></span> <span class='ocrx_word' id='word_1_89' title='bbox 594 1575 656 1650; x_wconf 74' lang='lat' dir='ltr'><strong>ejus</strong></span> <span class='ocrx_word' id='word_1_90' title='bbox 670 1595 763 1634; x_wconf 81' lang='lat' dir='ltr'><strong>oausae</strong></span> <span class='ocrx_word' id='word_1_91' title='bbox 778 1576 904 1652; x_wconf 83' lang='lat' dir='ltr'><strong>seposita</strong></span> 
     </span>
     <span class='ocr_line' id='line_1_14' title="bbox 118 1671 903 1746; baseline 0 -18"><span class='ocrx_word' id='word_1_92' title='bbox 118 1681 286 1746; x_wconf 80' lang='lat' dir='ltr'><strong>argumenta</strong></span> <span class='ocrx_word' id='word_1_93' title='bbox 305 1671 411 1728; x_wconf 81' lang='lat' dir='ltr'><strong>revolvi</strong></span> <span class='ocrx_word' id='word_1_94' title='bbox 431 1690 485 1731; x_wconf 86' lang='lat' dir='ltr'><strong>uos</strong></span> <span class='ocrx_word' id='word_1_95' title='bbox 503 1681 630 1746; x_wconf 84' lang='lat' dir='ltr'><strong>oportet:</strong></span> <span class='ocrx_word' id='word_1_96' title='bbox 652 1671 701 1728; x_wconf 88' lang='lat' dir='ltr'><strong>sed</strong></span> <span class='ocrx_word' id='word_1_97' title='bbox 723 1671 828 1729; x_wconf 83' lang='lat' dir='ltr'><strong>habere</strong></span> <span class='ocrx_word' id='word_1_98' title='bbox 843 1691 903 1730; x_wconf 85' lang='lat' dir='ltr'><strong>oer-</strong></span> 
     </span>
     <span class='ocr_line' id='line_1_15' title="bbox 117 1766 901 1842; baseline 0 -18"><span class='ocrx_word' id='word_1_99' title='bbox 117 1777 163 1824; x_wconf 88' lang='lat' dir='ltr'><strong>tos</strong></span> <span class='ocrx_word' id='word_1_100' title='bbox 182 1766 270 1839; x_wconf 88' lang='lat' dir='ltr'><strong>locos,</strong></span> <span class='ocrx_word' id='word_1_101' title='bbox 285 1767 344 1842; x_wconf 89' lang='lat' dir='ltr'><strong>qui,</strong></span> <span class='ocrx_word' id='word_1_102' title='bbox 359 1778 390 1825; x_wconf 90' lang='lat' dir='ltr'><strong>ut</strong></span> <span class='ocrx_word' id='word_1_103' title='bbox 409 1767 497 1824; x_wconf 74' lang='lat' dir='ltr'><strong>litare</strong></span> <span class='ocrx_word' id='word_1_104' title='bbox 518 1767 685 1824; x_wconf 83' lang='lat' dir='ltr'><strong>adverbum</strong></span> <span class='ocrx_word' id='word_1_105' title='bbox 707 1767 901 1839; x_wconf 80' lang='lat' dir='ltr'><strong>scribendum,</strong></span> 
     </span>
     <span class='ocr_line' id='line_1_16' title="bbox 116 1862 950 1939; baseline 0.001 -18"><span class='ocrx_word' id='word_1_106' title='bbox 116 1862 161 1921; x_wconf 83' lang='lat' dir='ltr'><strong>sio</strong></span> <span class='ocrx_word' id='word_1_107' title='bbox 176 1862 216 1920; x_wconf 86' lang='lat' dir='ltr'><strong>illi</strong></span> <span class='ocrx_word' id='word_1_108' title='bbox 231 1863 267 1922; x_wconf 92' lang='lat' dir='ltr'><strong>ad</strong></span> <span class='ocrx_word' id='word_1_109' title='bbox 280 1883 395 1922; x_wconf 83' lang='lat' dir='ltr'><strong>oausam</strong></span> <span class='ocrx_word' id='word_1_110' title='bbox 409 1863 619 1939; x_wconf 76' lang='lat' dir='ltr'><strong>explicandam,</strong></span> <span class='ocrx_word' id='word_1_111' title='bbox 630 1863 725 1922; x_wconf 85' lang='lat' dir='ltr'><strong>statim</strong></span> <span class='ocrx_word' id='word_1_112' title='bbox 738 1874 900 1922; x_wconf 81' lang='lat' dir='ltr'><strong>occurrant.</strong></span> <span class='ocrx_word' id='word_1_113' title='bbox 919 1864 950 1914; x_wconf 79' lang='lat'><strong>15</strong></span> 
     </span>
     <span class='ocr_line' id='line_1_17' title="bbox 118 1958 901 2036; baseline 0.001 -19"><span class='ocrx_word' id='word_1_114' title='bbox 118 1958 178 2017; x_wconf 85' lang='lat' dir='ltr'><strong>Sed</strong></span> <span class='ocrx_word' id='word_1_115' title='bbox 198 1958 228 2016; x_wconf 90' lang='lat' dir='ltr'><strong>hi</strong></span> <span class='ocrx_word' id='word_1_116' title='bbox 245 1958 303 2018; x_wconf 87' lang='lat' dir='ltr'><strong>loei</strong></span> <span class='ocrx_word' id='word_1_117' title='bbox 316 1959 345 2016; x_wconf 89' lang='lat' dir='ltr'><strong>ei</strong></span> <span class='ocrx_word' id='word_1_118' title='bbox 357 1960 472 2018; x_wconf 88' lang='lat' dir='ltr'><strong>demum</strong></span> <span class='ocrx_word' id='word_1_119' title='bbox 492 1959 598 2017; x_wconf 83' lang='lat' dir='ltr'><strong>oratori</strong></span> <span class='ocrx_word' id='word_1_120' title='bbox 618 1960 753 2035; x_wconf 85' lang='lat' dir='ltr'><strong>prodesse</strong></span> <span class='ocrx_word' id='word_1_121' title='bbox 772 1970 901 2036; x_wconf 84' lang='lat' dir='ltr'><strong>possunt,</strong></span> 
     </span>
     <span class='ocr_line' id='line_1_18' title="bbox 117 2054 902 2132; baseline 0.004 -21"><span class='ocrx_word' id='word_1_122' title='bbox 117 2054 168 2130; x_wconf 91' lang='lat' dir='ltr'><strong>qui</strong></span> <span class='ocrx_word' id='word_1_123' title='bbox 187 2065 230 2112; x_wconf 85' lang='lat' dir='ltr'><strong>est</strong></span> <span class='ocrx_word' id='word_1_124' title='bbox 249 2068 376 2113; x_wconf 84' lang='lat' dir='ltr'><strong>vetsatus</strong></span> <span class='ocrx_word' id='word_1_125' title='bbox 396 2056 424 2113; x_wconf 91' lang='lat' dir='ltr'><strong>in</strong></span> <span class='ocrx_word' id='word_1_126' title='bbox 450 2056 545 2126; x_wconf 83' lang='lat' dir='ltr'><strong>rebus,</strong></span> <span class='ocrx_word' id='word_1_127' title='bbox 567 2055 610 2112; x_wconf 87' lang='lat' dir='ltr'><strong>val</strong></span> <span class='ocrx_word' id='word_1_128' title='bbox 638 2075 701 2127; x_wconf 91' lang='lat' dir='ltr'><strong>usu,</strong></span> <span class='ocrx_word' id='word_1_129' title='bbox 722 2075 806 2132; x_wconf 86' lang='lat' dir='ltr'><strong>quem</strong></span> <span class='ocrx_word' id='word_1_130' title='bbox 834 2067 902 2114; x_wconf 77' lang='lat' dir='ltr'><strong>tatas</strong></span> 
     </span>
     <span class='ocr_line' id='line_1_19' title="bbox 118 2151 901 2230; baseline 0.003 -22"><span class='ocrx_word' id='word_1_131' title='bbox 118 2151 242 2227; x_wconf 90' lang='lat' dir='ltr'><strong>denique</strong></span> <span class='ocrx_word' id='word_1_132' title='bbox 256 2151 352 2222; x_wconf 83' lang='lat' dir='ltr'><strong>uffett;</strong></span> <span class='ocrx_word' id='word_1_133' title='bbox 374 2151 417 2208; x_wconf 84' lang='lat' dir='ltr'><strong>uel</strong></span> <span class='ocrx_word' id='word_1_134' title='bbox 435 2151 581 2209; x_wconf 82' lang='lat' dir='ltr'><strong>auditione</strong></span> <span class='ocrx_word' id='word_1_135' title='bbox 596 2165 625 2209; x_wconf 90' lang='lat' dir='ltr'><strong>et</strong></span> <span class='ocrx_word' id='word_1_136' title='bbox 639 2152 824 2230; x_wconf 79' lang='lat' dir='ltr'><strong>cogitatione,</strong></span> <span class='ocrx_word' id='word_1_137' title='bbox 839 2173 901 2228; x_wconf 80' lang='lat' dir='ltr'><strong>quan</strong></span> 
     </span>
     <span class='ocr_line' id='line_1_20' title="bbox 117 2248 902 2324; baseline 0 -18"><span class='ocrx_word' id='word_1_138' title='bbox 117 2248 214 2306; x_wconf 86' lang='lat' dir='ltr'><strong>studio</strong></span> <span class='ocrx_word' id='word_1_139' title='bbox 233 2257 264 2306; x_wconf 89' lang='lat' dir='ltr'><strong>et</strong></span> <span class='ocrx_word' id='word_1_140' title='bbox 282 2248 432 2324; x_wconf 74' lang='lat' dir='ltr'><strong>diligantid</strong></span> <span class='ocrx_word' id='word_1_141' title='bbox 451 2248 599 2323; x_wconf 75' lang='lat' dir='ltr'><strong>praecurrit</strong></span> <span class='ocrx_word' id='word_1_142' title='bbox 619 2259 740 2306; x_wconf 71' lang='lat' dir='ltr'><strong>oetatem.</strong></span> <span class='ocrx_word' id='word_1_143' title='bbox 781 2249 858 2306; x_wconf 89' lang='lat' dir='ltr'><strong>Nam</strong></span> <span class='ocrx_word' id='word_1_144' title='bbox 876 2249 902 2306; x_wconf 90' lang='lat' dir='ltr'><strong>si</strong></span> 
     </span>
     <span class='ocr_line' id='line_1_21' title="bbox 118 2343 951 2418; baseline 0.001 -17"><span class='ocrx_word' id='word_1_145' title='bbox 118 2354 151 2401; x_wconf 90' lang='lat' dir='ltr'><strong>tu</strong></span> <span class='ocrx_word' id='word_1_146' title='bbox 171 2343 242 2400; x_wconf 89' lang='lat' dir='ltr'><strong>mihi</strong></span> <span class='ocrx_word' id='word_1_147' title='bbox 262 2343 391 2418; x_wconf 84' lang='lat' dir='ltr'><strong>quamuis</strong></span> <span class='ocrx_word' id='word_1_148' title='bbox 410 2344 552 2402; x_wconf 85' lang='lat' dir='ltr'><strong>eruditum</strong></span> <span class='ocrx_word' id='word_1_149' title='bbox 574 2344 718 2402; x_wconf 87' lang='lat' dir='ltr'><strong>hominem</strong></span> <span class='ocrx_word' id='word_1_150' title='bbox 741 2345 901 2416; x_wconf 82' lang='lat' dir='ltr'><strong>adduxeris,</strong></span> <span class='ocrx_word' id='word_1_151' title='bbox 918 2351 951 2402; x_wconf 72' lang='lat'><strong>2⁰</strong></span> 
     </span>
     <span class='ocr_line' id='line_1_22' title="bbox 118 2439 902 2520; baseline 0.003 -23"><span class='ocrx_word' id='word_1_152' title='bbox 118 2439 248 2516; x_wconf 84' lang='lat' dir='ltr'><strong>quamvis</strong></span> <span class='ocrx_word' id='word_1_153' title='bbox 262 2458 356 2497; x_wconf 86' lang='lat' dir='ltr'><strong>aorem</strong></span> <span class='ocrx_word' id='word_1_154' title='bbox 370 2450 399 2497; x_wconf 91' lang='lat' dir='ltr'><strong>et</strong></span> <span class='ocrx_word' id='word_1_155' title='bbox 414 2450 528 2497; x_wconf 79' lang='lat' dir='ltr'><strong>neutum</strong></span> <span class='ocrx_word' id='word_1_156' title='bbox 546 2439 574 2497; x_wconf 90' lang='lat' dir='ltr'><strong>in</strong></span> <span class='ocrx_word' id='word_1_157' title='bbox 596 2440 760 2520; x_wconf 77' lang='lat' dir='ltr'><strong>cogitando,</strong></span> <span class='ocrx_word' id='word_1_158' title='bbox 774 2441 902 2516; x_wconf 87' lang='lat' dir='ltr'><strong>quamvis</strong></span> 
     </span>
     <span class='ocr_line' id='line_1_23' title="bbox 119 2535 902 2612; baseline 0 -18"><span class='ocrx_word' id='word_1_159' title='bbox 119 2535 157 2594; x_wconf 79' lang='lat' dir='ltr'><strong>od</strong></span> <span class='ocrx_word' id='word_1_160' title='bbox 182 2535 423 2612; x_wconf 86' lang='lat' dir='ltr'><strong>pronuntiandum</strong></span> <span class='ocrx_word' id='word_1_161' title='bbox 451 2535 624 2611; x_wconf 87' lang='lat' dir='ltr'><strong>expeditum,</strong></span> <span class='ocrx_word' id='word_1_162' title='bbox 648 2537 673 2594; x_wconf 90' lang='lat' dir='ltr'><strong>si</strong></span> <span class='ocrx_word' id='word_1_163' title='bbox 697 2537 751 2595; x_wconf 82' lang='lat' dir='ltr'><strong>erit</strong></span> <span class='ocrx_word' id='word_1_164' title='bbox 775 2537 849 2596; x_wconf 87' lang='lat' dir='ltr'><strong>idem</strong></span> <span class='ocrx_word' id='word_1_165' title='bbox 872 2537 902 2595; x_wconf 91' lang='lat' dir='ltr'><strong>in</strong></span> 
     </span>
     <span class='ocr_line' id='line_1_24' title="bbox 119 2631 902 2709; baseline 0.003 -19"><span class='ocrx_word' id='word_1_166' title='bbox 119 2632 327 2691; x_wconf 79' lang='lat' dir='ltr'><strong>cousuetudine</strong></span> <span class='ocrx_word' id='word_1_167' title='bbox 347 2631 481 2704; x_wconf 77' lang='lat' dir='ltr'><strong>civitatis,</strong></span> <span class='ocrx_word' id='word_1_168' title='bbox 495 2631 525 2691; x_wconf 88' lang='lat' dir='ltr'><strong>iu</strong></span> <span class='ocrx_word' id='word_1_169' title='bbox 545 2633 690 2709; x_wconf 85' lang='lat' dir='ltr'><strong>exemplis,</strong></span> <span class='ocrx_word' id='word_1_170' title='bbox 706 2633 734 2692; x_wconf 89' lang='lat' dir='ltr'><strong>in</strong></span> <span class='ocrx_word' id='word_1_171' title='bbox 756 2633 902 2706; x_wconf 88' lang='lat' dir='ltr'><strong>institutis,</strong></span> 
     </span>
     <span class='ocr_line' id='line_1_25' title="bbox 119 2727 903 2794; baseline 0.001 -7"><span class='ocrx_word' id='word_1_172' title='bbox 119 2727 152 2787; x_wconf 88' lang='lat' dir='ltr'><strong>iu</strong></span> <span class='ocrx_word' id='word_1_173' title='bbox 171 2727 298 2786; x_wconf 86' lang='lat' dir='ltr'><strong>moribus</strong></span> <span class='ocrx_word' id='word_1_174' title='bbox 316 2747 351 2786; x_wconf 86' lang='lat' dir='ltr'><strong>ao</strong></span> <span class='ocrx_word' id='word_1_175' title='bbox 368 2728 560 2794; x_wconf 75' lang='lat' dir='ltr'><strong>uoluntatibus</strong></span> <span class='ocrx_word' id='word_1_176' title='bbox 581 2728 686 2788; x_wconf 78' lang='lat' dir='ltr'><strong>civium</strong></span> <span class='ocrx_word' id='word_1_177' title='bbox 708 2747 824 2788; x_wconf 86' lang='lat' dir='ltr'><strong>suorum</strong></span> <span class='ocrx_word' id='word_1_178' title='bbox 839 2729 903 2792; x_wconf 85' lang='lat' dir='ltr'><strong>hos·</strong></span> 
     </span>
     <span class='ocr_line' id='line_1_26' title="bbox 118 2825 950 2902; baseline -0.001 -21"><span class='ocrx_word' id='word_1_179' title='bbox 118 2843 180 2902; x_wconf 83' lang='lat' dir='ltr'><strong>pes,</strong></span> <span class='ocrx_word' id='word_1_180' title='bbox 194 2842 254 2882; x_wconf 89' lang='lat' dir='ltr'><strong>nou</strong></span> <span class='ocrx_word' id='word_1_181' title='bbox 266 2825 387 2882; x_wconf 87' lang='lat' dir='ltr'><strong>multum</strong></span> <span class='ocrx_word' id='word_1_182' title='bbox 400 2825 429 2882; x_wconf 87' lang='lat' dir='ltr'><strong>ei</strong></span> <span class='ocrx_word' id='word_1_183' title='bbox 442 2825 499 2884; x_wconf 86' lang='lat' dir='ltr'><strong>looi</strong></span> <span class='ocrx_word' id='word_1_184' title='bbox 516 2825 672 2902; x_wconf 85' lang='lat' dir='ltr'><strong>proderunt</strong></span> <span class='ocrx_word' id='word_1_185' title='bbox 686 2825 737 2897; x_wconf 91' lang='lat' dir='ltr'><strong>illi,</strong></span> <span class='ocrx_word' id='word_1_186' title='bbox 751 2826 903 2902; x_wconf 86' lang='lat' dir='ltr'><strong>exquibus</strong></span> <span class='ocrx_word' id='word_1_187' title='bbox 918 2829 950 2880; x_wconf 69' lang='lat'><strong>2⁵</strong></span> 
     </span>
     <span class='ocr_line' id='line_1_27' title="bbox 120 2921 902 2998; baseline 0.003 -20"><span class='ocrx_word' id='word_1_188' title='bbox 120 2929 289 2998; x_wconf 76' lang='lat' dir='ltr'><strong>argumenta</strong></span> <span class='ocrx_word' id='word_1_189' title='bbox 307 2930 483 2996; x_wconf 82' lang='lat' dir='ltr'><strong>promuntur.</strong></span> <span class='ocrx_word' id='word_1_190' title='bbox 537 2921 665 2980; x_wconf 87' lang='lat' dir='ltr'><strong>Subaoto</strong></span> <span class='ocrx_word' id='word_1_191' title='bbox 690 2921 761 2980; x_wconf 87' lang='lat' dir='ltr'><strong>mihi</strong></span> <span class='ocrx_word' id='word_1_192' title='bbox 785 2922 902 2998; x_wconf 81' lang='lat' dir='ltr'><strong>ingenio</strong></span> 
     </span>
    </p>
   </div>
   <div class='ocr_carea' id='block_1_4' title="bbox 120 3017 902 3171">
    <p class='ocr_par' dir='ltr' id='par_1_4' title="bbox 120 3017 902 3171">
     <span class='ocr_line' id='line_1_28' title="bbox 120 3017 902 3095; baseline -0.005 -17"><span class='ocrx_word' id='word_1_193' title='bbox 120 3035 193 3095; x_wconf 80' lang='lat' dir='ltr'><strong>opus</strong></span> <span class='ocrx_word' id='word_1_194' title='bbox 205 3027 259 3092; x_wconf 84' lang='lat' dir='ltr'><strong>est,</strong></span> <span class='ocrx_word' id='word_1_195' title='bbox 272 3026 305 3078; x_wconf 91' lang='lat' dir='ltr'><strong>ut</strong></span> <span class='ocrx_word' id='word_1_196' title='bbox 319 3035 388 3094; x_wconf 79' lang='lat' dir='ltr'><strong>agro</strong></span> <span class='ocrx_word' id='word_1_197' title='bbox 407 3037 466 3078; x_wconf 91' lang='lat' dir='ltr'><strong>nou</strong></span> <span class='ocrx_word' id='word_1_198' title='bbox 485 3017 573 3078; x_wconf 83' lang='lat' dir='ltr'><strong>semel</strong></span> <span class='ocrx_word' id='word_1_199' title='bbox 588 3027 677 3090; x_wconf 81' lang='lat' dir='ltr'><strong>arato,</strong></span> <span class='ocrx_word' id='word_1_200' title='bbox 691 3017 742 3076; x_wconf 90' lang='lat' dir='ltr'><strong>sed</strong></span> <span class='ocrx_word' id='word_1_201' title='bbox 755 3027 859 3084; x_wconf 84' lang='lat' dir='ltr'><strong>novato</strong></span> <span class='ocrx_word' id='word_1_202' title='bbox 873 3026 902 3074; x_wconf 91' lang='lat' dir='ltr'><strong>et</strong></span> 
     </span>
     <span class='ocr_line' id='line_1_29' title="bbox 356 3112 421 3171; baseline 0.015 -1"><span class='ocrx_word' id='word_1_203' title='bbox 356 3113 393 3171; x_wconf 84' lang='lat' dir='ltr'><strong>lt</strong></span> <span class='ocrx_word' id='word_1_204' title='bbox 404 3112 421 3149; x_wconf 79' lang='lat'>⁸</span> 
     </span>
    </p>
   </div>
   <div class='ocr_carea' id='block_1_5' title="bbox 0 0 1063 3417">
    <p class='ocr_par' dir='ltr' id='par_1_5' title="bbox 0 0 1063 3417">
     <span class='ocr_line' id='line_1_30' title="bbox 0 0 1063 3417; baseline 0 0"><span class='ocrx_word' id='word_1_205' title='bbox 0 0 1063 3417; x_wconf 95' lang='lat' dir='ltr'><strong> </strong></span> 
     </span>
    </p>
   </div>
  </div>
 </body>
</html>
