2109 3417
127 318 221 380 nna]
411 318 455 367 nn
477 315 643 367 onerosa.
924 308 964 367 85

128 476 196 525 sunt
215 466 406 539 coneidenda,
421 468 445 525 si
465 467 603 525 Crassum
616 467 659 525 vis
679 470 833 525 coercere:
854 467 919 526 beo

128 562 183 621 tibi
195 573 239 621 est
252 564 412 623 excidenda
424 564 540 642 lingua3
562 565 618 640 qui
633 564 676 621 vel
693 564 801 635 evulsa,
816 564 918 640 spiritu

128 659 192 737 ipso
204 661 352 727 libidinem
368 672 446 719 tuam
459 662 577 719 libertas
591 680 656 719 mea
668 661 831 719 refutabit.”

168 853 207 913 Π.
237 854 385 913 Permulta
415 865 476 912 tum
510 856 766 916 vehementissimi¹
799 867 935 941 conten-¹

126 950 208 1010 tione
235 952 333 1023 animi,
354 951 474 1029 ingenii,
496 951 609 1025 virium,
631 956 666 1011 ab
690 974 725 1013 eo
750 956 829 1013 dieta
853 961 947 1012 esse5

126 1048 293 1119 oonstabat3
328 1047 555 1125 sententiamque
588 1069 662 1122 eam,
687 1071 772 1126 quam
800 1063 916 1109 'senatus

127 1144 262 1220 frequens
272 1154 399 1207 secutus
417 1155 461 1202 est
484 1147 673 1204 ornatissimis
693 1159 722 1205 et
741 1148 916 1225 gravissimis

126 1241 230 1313 verbis,
245 1240 314 1298 “Ut
326 1240 432 1317 populo
446 1241 582 1299 Romano
596 1244 755 1315 satisfieret,
770 1262 916 1319 nunquam

126 1336 244 1394 senatus
256 1355 350 1411 neque
364 1337 518 1393 eonsilium
533 1338 709 1414 reipublice,
723 1358 816 1413 neque
831 1340 916 1397 fidem

124 1430 280 1502 defuisse‚''
297 1432 333 1488 ab
346 1450 382 1490 eo
395 1432 519 1488 dietam:
541 1444 568 1489 et
584 1433 705 1489 eundem
726 1434 769 1506 (id
791 1436 863 1509 quod
886 1436 915 1493 in
931 1436 962 1485 1⁰

126 1526 346 1585 auetoritatibus
370 1527 543 1603 praeseriptis
570 1530 675 1608 exstat)
700 1530 853 1587 scribendo
877 1532 915 1589 af·

125 1622 222 1683 fuisse

165 1719 220 1778 Illa
232 1729 369 1797 tanquam
383 1739 492 1797 cycnea
507 1718 561 1780 fuit
574 1721 663 1779 divini
680 1722 804 1780 hominis
817 1742 872 1780 vox
885 1734 914 1782 et

125 1820 228 1888 oratio,
242 1836 327 1893 quam
341 1818 423 1894 quasi
441 1829 650 1894 exspectantes,
664 1828 730 1894 post
743 1818 804 1893 ejus
818 1819 915 1877 interi-

125 1925 187 1972 tum
208 1915 392 1972 veniebamus
419 1916 447 1972 in
475 1915 595 1987 curiam,
618 1927 649 1973 ut
669 1915 819 1993 vestigium
844 1916 913 1974 illud
930 1917 961 1967 15

125 2010 230 2087 ipsum,
251 2010 281 2068 in
304 2029 362 2086 quo
388 2011 436 2070 ille
462 2023 637 2087 postremum
665 2012 825 2085 institisset,
846 2030 914 2070 oon·

124 2116 278 2165 tueremur.
319 2105 454 2182 Namque
474 2118 534 2165 tum
556 2108 630 2165 latus
645 2108 671 2165 ei
685 2107 793 2165 dicenti
808 2110 914 2167 condo.-

124 2202 222 2274 luisse,
249 2202 440 2279 sudoremque
471 2204 591 2261 multum
626 2214 812 2262 consecutum
839 2224 912 2277 esse,

127 2297 329 2357 audiebamus:
363 2318 399 2357 ex
425 2312 492 2375 quo·
513 2318 581 2357 euru
610 2300 818 2372 'cohorruisset
846 2320 912 2360 eum

127 2392 200 2450 febri
232 2395 348 2452 domum
388 2396 483 2468 rediit,
517 2396 621 2471 dieque
660 2396 782 2472 septimo
814 2398 913 2457 lateris
928 2408 960 2460 20

126 2487 224 2546 dolore
251 2503 418 2547 oonsumtus
447 2502 498 2549 est.
540 2491 569 2549 Ο
600 2491 731 2549 fallacem
763 2492 912 2552 hominum

125 2601 217 2660 spem,
240 2584 425 2674 fragilemque
449 2587 603 2659 fortunam,
625 2598 655 2645 et
678 2586 779 2647 inanes
801 2600 913 2649 nostras

30 2670 34 2676 ’
124 2680 344 2739 contentiones!
371 2700 434 2756 quae
455 2682 485 2739 in
505 2682 601 2740 medio
622 2683 714 2758 spatio
737 2702 812 2760 saepe
839 2686 910 2744 fran-

123 2785 242 2855 guntur,
269 2786 299 2835 et
324 2788 472 2849 corruunt,
499 2788 529 2835 et
558 2789 633 2851 ante,
661 2778 691 2842 in
718 2779 781 2855 ipso
805 2800 908 2857 *eursu

123 2874 296 2944 obruuntur,
316 2892 402 2949 quam
421 2884 535 2949 portum
556 2876 725 2952 conspioere
747 2888 909 2955 potuerunt.
926 2894 959 2945 ᾔ

123 2969 156 3029 N
158 2989 213 3043 am,
227 2970 363 3047 quamdiu
377 2970 474 3029 Crassi
489 2972 543 3029 fuit
560 2972 725 3031 ambitionis
743 2973 841 3034 labore
854 2977 911 3036 vita

125 3066 265 3141 districta,
279 3052 389 3127 tamdiu
408 3069 525 3147 privatis
539 3069 631 3149 magis
643 3070 747 3131 officiis
759 3081 790 3130 et
802 3070 912 3151 ingenii

202 3181 268 3224 von.
283 3183 315 3226 rr.
432 3165 454 3225 8
