2109 3417
103 253 187 315 uu]
388 255 433 304 nn
453 255 617 304 omnm
827 203 829 208 ⁵
879 247 937 306 117

102 391 254 463 euuvititis
274 402 380 480 aliquid
401 403 555 482 impertias.
596 403 650 464 Sin
669 402 723 468 tibi
743 403 773 464 id
796 403 891 464 minue

103 500 216 573 libebit,
237 519 296 559 nou
322 512 352 560 te
378 502 498 580 urgebo,
521 519 615 578 neque
642 501 828 573 committam,
847 513 889 576 ut,

103 596 175 655 dum
189 616 313 670 vereare,
326 607 358 658 tu
378 617 416 658 ue
436 599 476 656 sie
496 597 619 675 ineptus,
633 617 679 658 me
693 601 756 656 eise
766 598 888 675 judium

103 693 185 752 Tum
211 695 269 767 ille,
294 695 368 774 Ego,
392 695 567 768 mehercule,
594 695 696 772 inquit,
722 695 829 768 Cesar,
853 714 890 754 ex

104 791 239 849 omnibus
265 792 376 873 Lutinie
402 792 508 871 vepbis,
533 791 616 868 hujus
643 791 721 850 verbi
754 791 811 850 vim
844 792 919 850 velb

103 887 258 945 maximam
278 907 389 965 semper
408 888 522 964 putavi:
544 905 628 963 quem
648 887 725 946 enim
746 906 799 946 noe
813 888 891 965 imp,

103 992 163 1042 tum
189 1003 334 1056 vocemus,
358 985 383 1042 is
406 984 477 1042 mihi
500 983 611 1042 videtur
638 984 674 1042 rb
700 983 756 1042 hoe
782 1003 888 1044 nomeu

103 1079 211 1138 hebere
231 1081 360 1152 ductum,
380 1080 456 1156 quod
476 1100 532 1138 uun
558 1080 596 1138 sit
622 1089 725 1156 aptus:
752 1080 836 1158 idque
857 1081 888 1140 in

103 1177 243 1234 sermonis
255 1177 346 1234 uestri
361 1177 570 1236 consuetudine
579 1177 688 1252 perlate
697 1188 783 1253 petet.
810 1177 887 1236 Nem

104 1273 154 1348 qui
178 1285 236 1345 aut,
260 1284 372 1351 tempus
396 1273 465 1350 quid
487 1273 622 1350 postulet,
646 1292 705 1334 uon
728 1273 815 1346 videt,
840 1284 888 1333 rut
902 1281 933 1332 10

101 1370 187 1446 plura
205 1369 340 1445 loquitur,
362 1380 410 1428 eut
429 1389 461 1427 ee
480 1380 614 1442 ostentat,
636 1379 684 1428 aut
704 1389 813 1443 eorum,
828 1370 889 1446 qui·

102 1465 226 1523 bueeum
245 1475 299 1537 eet,
314 1465 356 1523 vel
371 1465 518 1542 diguitatis
531 1465 575 1524 vel
589 1465 732 1524 commodi
746 1466 887 1526 tutionem

102 1579 164 1619 non
190 1561 286 1634 hebet,
311 1570 361 1620 aut
387 1561 510 1638 denique
534 1561 564 1620 iu
588 1561 683 1638 aliquo
709 1581 815 1640 genere
840 1575 888 1622 uut

103 1657 297 1716 inconcinnus
320 1667 369 1716 eut
391 1658 498 1716 multus
517 1668 572 1730 est,
594 1657 618 1716 ie
640 1657 754 1734 ineptus
772 1658 887 1718 dieitur.

103 1754 173 1814 Hoc
186 1754 256 1812 vitiu
275 1754 423 1812 cumulate
440 1763 484 1813 est
502 1753 696 1812 eruditissima
711 1753 934 1812 inaurem-1⁵

102 1869 169 1910 rum
188 1850 284 1910 natio:
305 1851 410 1926 itaque,
425 1851 502 1926 quod
522 1849 579 1908 vim
601 1849 685 1927 hujus
704 1850 773 1909 muli
792 1851 888 1910 Greci

102 1966 164 2006 non
177 1947 284 2019 vident,
298 1965 336 2004 ne
349 1965 455 2007 nomeu
475 1946 590 2022 quidem
611 1945 638 2004 ei
658 1945 728 2004 vitio
748 1947 888 2024 imposue-

102 2053 188 2102 runt:
213 2054 246 2102 ut
265 2044 343 2102 enirn
363 2062 473 2120 queres
495 2041 602 2115 omniu,
622 2044 766 2120 quomodo
792 2043 887 2104 Greci

103 2139 236 2214 ineptum
254 2139 405 2215 appellent,
425 2157 483 2196 nou
507 2138 641 2214 reperies.
681 2137 820 2197 Omnium
841 2159 889 2198 uu·

103 2245 163 2292 tem
184 2235 363 2311 ineptiarum,
379 2233 456 2309 (que
476 2244 542 2291 eunt
561 2234 796 2315 innumerabiles)
811 2235 885 2296 haud
900 2241 933 2292 2⁰

101 2331 168 2390 seio
195 2330 365 2411 un·[nullu]
394 2330 431 2388 sit
457 2330 556 2407 major,
583 2349 667 2408 quem
700 2331 810 2390 illorum
840 2333 888 2407 qui

103 2427 208 2499 solent,
231 2445 412 2503 quocumque
436 2425 466 2484 iu
491 2426 569 2499 loeo,
593 2429 787 2505 quoecumque
814 2428 889 2488 inter

103 2523 235 2582 homines
248 2523 340 2580 visum
360 2532 413 2594 est,
428 2523 465 2580 de
484 2522 571 2580 rebus
588 2532 637 2581 eut
651 2523 826 2582 difficillimis
841 2535 889 2584 eut

103 2637 164 2678 non
193 2619 371 2690 necessariis,
399 2618 581 2696 argutissime
614 2619 767 2695 disputare.
821 2621 889 2680 Hoe

103 2734 159 2775 noe
173 2715 208 2772 ub
222 2715 285 2773 istie
305 2715 536 2774 adolescentibus
556 2715 651 2776 faeere
671 2716 752 2775 iuviti
767 2727 796 2776 et
809 2736 889 2778 recu·
900 2723 933 2774 25

103 2822 201 2870 eunus
214 2811 277 2870 heri
291 2811 383 2872 euecti
397 2830 504 2872 eumue.

142 3005 181 3064 V.
211 3003 292 3064 Tum
311 3004 443 3079 Catulus,
463 3003 511 3065 Ne
531 3003 627 3094 Greci
646 2957 774 3080 quidem,
787 3003 890 3079 inquit,
