2109 3417
127 300 184 360 lm
442 311 485 359 us
505 311 668 360 onerosa.
859 312 896 372 [s.
906 310 956 358 111.

207 457 241 516 L
271 457 424 518 Clausulas
443 469 537 518 autern
558 459 722 537 diligentius
740 461 826 519 etiam
840 478 956 517 servan-

169 552 220 610 das
239 572 306 612 esse·
323 555 452 627 arbitror,
471 575 557 632 quam
577 557 733 632 superiora,
760 557 836 631 quod
858 556 889 614 in
909 557 957 613 his

168 650 291 708 maxime
301 652 439 727 perfectio
453 662 538 727 atque
552 652 692 710 absolutio
702 653 865 728 judicatur:
887 671 956 709 nam

169 747 266 805 versus
289 766 370 822 mque
392 749 492 824 prima,
512 758 542 805 et
563 749 664 819 medis,
685 758 715 805 et
738 759 865 805 extrema
889 767 957 824 pars

138 843 340 914 battenditu13
373 843 423 918 qui
451 843 625 916 debilitatur,
653 844 683 901 in
709 840 893 919 quioumbue
918 845 957 900 sit

167 949 249 1015 parte
280 939 451 998 titubatum:
493 939 521 997 in
558 940 687 998 oratione
720 951 825 1011 autem,
860 939 957 1015 prims

168 1036 254 1112 pauci
267 1045 399 1107 cernunt,
412 1047 555 1112 postrema
566 1036 710 1112 plerique:
731 1055 802 1111 qus,
817 1036 955 1110 quoniam
1032 1053 1033 1062 ¹

169 1140 305 1206 apparent
324 1142 354 1189 et
373 1132 580 1208 intelliguntur,
595 1132 729 1190 varianda
748 1141 824 1202 sunt,
846 1149 886 1189 ne
908 1142 956 1190 aut

170 1227 329 1285 animorum
344 1227 462 1303 judiciis
475 1227 669 1302 repudientur,
685 1239 732 1285 aut
746 1227 856 1284 aurium
872 1229 956 1286 setie-
1032 1239 1033 1252 ¹

125 1325 156 1376 1⁰
168 1332 243 1384 tete.¹
275 1323 343 1381 Duo
369 1323 446 1382 enim
479 1331 528 1381 aut
554 1333 611 1380 tres
644 1333 709 1380 suut
741 1323 800 1380 lere
834 1325 956 1381 extremi

169 1420 300 1478 servandi
313 1430 343 1478 et
354 1419 473 1477 notandi
492 1419 589 1495 pedes,
604 1419 728 1477 simodo
747 1437 805 1476 non
822 1420 957 1478 breviora

170 1525 201 1575 et
216 1516 337 1592 praeire
356 1525 441 1575 erunt
462 1515 625 1592 superiors3
656 1532 727 1589 quos
750 1525 798 1572 aut
821 1516 955 1588 onorem,

171 1622 219 1671 aut
239 1614 350 1685 heroos,
371 1623 421 1670 aut
441 1612 564 1669 alternos
591 1630 653 1670 esre
680 1612 831 1687 oportebit,
854 1615 956 1672 autin

169 1728 268 1786 paeone
288 1710 337 1767 illo
356 1708 523 1785 posteriore,
545 1725 629 1782 quem
649 1707 818 1765 Aristoteles
841 1709 955 1782 probet,

125 1815 157 1864 1⁵
171 1815 220 1862 aut
239 1805 266 1863 ei
285 1804 347 1881 pari
367 1804 484 1862 oretioo.
531 1803 644 1860 Horum
664 1802 877 1860 vicissitudines
898 1806 957 1862 effi-

171 1900 258 1971 oient,
272 1909 410 1976 utusque
428 1900 449 1958 ii
467 1899 616 1970 satientur,
630 1898 679 1973 qui
696 1898 821 1969 audient,
837 1899 956 1958 fastidio

171 1995 374 2068 similitudinis,
394 2014 451 2053 nee
468 2014 523 2053 nos
543 1994 582 2067 id,
602 1994 679 2069 quod
700 1993 848 2068 faciemus,
866 1997 956 2072 operit

171 2090 267 2149 dediti
281 2091 376 2149 faeere
388 2085 543 2149 videamur.

207 2187 298 2248 Quod
324 2187 348 2245 si
374 2187 525 2262 Antipater
555 2186 602 2244 ille
629 2186 775 2258 Sidonius,
802 2205 891 2262 quem
926 2199 957 2246 tu

124 2297 157 2346 ω
170 2284 269 2359 probe,
303 2283 416 2353 Catule,
448 2283 614 2356 meministi,
648 2283 746 2342 solitus
779 2293 823 2340 est
857 2303 957 2343 versus

73 2439 77 2447 ,
172 2380 349 2438 hexametros
370 2379 495 2455 aliosque
507 2379 594 2438 variis
611 2378 703 2438 modis
723 2389 807 2454 atque
825 2383 957 2439 numeris

172 2475 290 2534 sundere
303 2495 339 2534 ex
352 2486 489 2551 tempore,
499 2485 666 2551 tantumque
677 2476 800 2534 hominis
811 2475 957 2554 ingeniosi

173 2591 208 2630 ae
221 2572 354 2630 memoris
366 2571 456 2630 valuit
474 2571 650 2644 exercitatio,
664 2582 705 2644 ut,
720 2591 785 2630 eum
807 2591 838 2630 se
859 2583 957 2631 mente

173 2686 208 2728 ao
220 2669 364 2727 voluntate
383 2668 555 2745 conjecisset
569 2669 599 2728 in
612 2687 734 2740 versum,
747 2668 834 2726 verba
854 2687 956 2743 seque-

124 2778 158 2828 25
171 2775 284 2836 rentur3
304 2774 412 2841 quanto
431 2765 461 2822 id
482 2765 595 2825 labilius
614 2765 645 2822 in
664 2765 802 2835 oratione,
817 2765 956 2823 exercita·

171 2860 251 2920 tione
263 2870 293 2918 et
306 2860 515 2918 consuetudins
528 2859 665 2930 adhibite,
680 2861 909 2933 consequemur?

210 2956 286 3016 lllud
307 2965 401 3015 entem
420 2973 458 3010 ae
475 2955 539 3030 quis
553 2955 716 3026 admiretur,
730 2972 853 3030 quonam
867 2956 956 3012 modo

171 3052 236 3112 hee
247 3052 348 3128 vulpes
359 3048 555 3124 imperitonnn
569 3050 598 3108 in
612 3050 756 3132 audiendo
769 3059 864 3123 notet,
885 3067 957 3110 oum
