<?xml version="1.0" encoding="UTF-8"?>
<!DOCTYPE html PUBLIC "-//W3C//DTD XHTML 1.0 Transitional//EN"
    "http://www.w3.org/TR/xhtml1/DTD/xhtml1-transitional.dtd">
<html xmlns="http://www.w3.org/1999/xhtml" xml:lang="en" lang="en">
 <head>
  <title>
</title>
<meta http-equiv="Content-Type" content="text/html;charset=utf-8" />
  <meta name='ocr-system' content='tesseract 3.04.00' />
  <meta name='ocr-capabilities' content='ocr_page ocr_carea ocr_par ocr_line ocrx_word'/>
</head>
<body>
  <div class='ocr_page' id='page_1' title='image "./mtciceronisadqu00dillgoog_0070.png"; bbox 0 0 2109 3417; ppageno 0'>
   <div class='ocr_carea' id='block_1_1' title="bbox 435 278 943 339">
    <p class='ocr_par' dir='ltr' id='par_1_1' title="bbox 435 278 943 339">
     <span class='ocr_line' id='line_1_1' title="bbox 435 278 943 339; baseline -0.002 -13"><span class='ocrx_word' id='word_1_1' title='bbox 435 280 477 326; x_wconf 83' lang='lat' dir='ltr'>nn</span> <span class='ocrx_word' id='word_1_2' title='bbox 500 278 664 328; x_wconf 77' lang='lat' dir='ltr'>onnroaa.</span> <span class='ocrx_word' id='word_1_3' title='bbox 872 280 914 339; x_wconf 81' lang='grc' dir='ltr'>[ι.</span> <span class='ocrx_word' id='word_1_4' title='bbox 924 278 943 326; x_wconf 85' lang='lat'>1.</span> 
     </span>
    </p>
   </div>
   <div class='ocr_carea' id='block_1_2' title="bbox 158 425 945 697">
    <p class='ocr_par' dir='ltr' id='par_1_2' title="bbox 158 425 945 697">
     <span class='ocr_line' id='line_1_2' title="bbox 158 425 943 505; baseline 0.004 -22"><span class='ocrx_word' id='word_1_5' title='bbox 158 425 355 485; x_wconf 77' lang='lat' dir='ltr'>incitationem</span> <span class='ocrx_word' id='word_1_6' title='bbox 384 428 552 504; x_wconf 86' lang='lat' dir='ltr'>aspexerim,</span> <span class='ocrx_word' id='word_1_7' title='bbox 573 428 695 505; x_wconf 84' lang='lat' dir='ltr'>vestigia</span> <span class='ocrx_word' id='word_1_8' title='bbox 725 428 943 505; x_wconf 77' lang='lat' dir='ltr'>ingressumque</span> 
     </span>
     <span class='ocr_line' id='line_1_3' title="bbox 158 523 944 601; baseline 0.005 -22"><span class='ocrx_word' id='word_1_9' title='bbox 158 523 205 579; x_wconf 84' lang='lat' dir='ltr'>rix</span> <span class='ocrx_word' id='word_1_10' title='bbox 224 524 361 581; x_wconf 79' lang='lat' dir='ltr'>viderim:</span> <span class='ocrx_word' id='word_1_11' title='bbox 383 536 411 582; x_wconf 87' lang='lat' dir='ltr'>et</span> <span class='ocrx_word' id='word_1_12' title='bbox 432 536 567 600; x_wconf 90' lang='lat' dir='ltr'>tanquam</span> <span class='ocrx_word' id='word_1_13' title='bbox 582 526 612 583; x_wconf 95' lang='lat' dir='ltr'>in</span> <span class='ocrx_word' id='word_1_14' title='bbox 628 526 750 601; x_wconf 77' lang='lat' dir='ltr'>aliquam</span> <span class='ocrx_word' id='word_1_15' title='bbox 769 526 944 601; x_wconf 80' lang='lat' dir='ltr'>locupletem</span> 
     </span>
     <span class='ocr_line' id='line_1_4' title="bbox 159 621 945 697; baseline 0.004 -21"><span class='ocrx_word' id='word_1_16' title='bbox 159 638 193 676; x_wconf 88' lang='lat' dir='ltr'>ao</span> <span class='ocrx_word' id='word_1_17' title='bbox 227 621 359 678; x_wconf 84' lang='lat' dir='ltr'>refertam</span> <span class='ocrx_word' id='word_1_18' title='bbox 392 623 509 679; x_wconf 93' lang='lat' dir='ltr'>domum</span> <span class='ocrx_word' id='word_1_19' title='bbox 543 622 679 693; x_wconf 85' lang='lat' dir='ltr'>venirem,</span> <span class='ocrx_word' id='word_1_20' title='bbox 711 642 768 679; x_wconf 94' lang='lat' dir='ltr'>non</span> <span class='ocrx_word' id='word_1_21' title='bbox 802 622 945 697; x_wconf 76' lang='lat' dir='ltr'>explicati</span> 
     </span>
    </p>
   </div>
   <div class='ocr_carea' id='block_1_3' title="bbox 128 715 1044 889">
    <p class='ocr_par' dir='ltr' id='par_1_3' title="bbox 128 715 1044 889">
     <span class='ocr_line' id='line_1_5' title="bbox 158 715 1044 795; baseline 0.003 -23"><span class='ocrx_word' id='word_1_22' title='bbox 158 727 245 787; x_wconf 87' lang='lat' dir='ltr'>veste,</span> <span class='ocrx_word' id='word_1_23' title='bbox 260 733 353 792; x_wconf 90' lang='lat' dir='ltr'>neque</span> <span class='ocrx_word' id='word_1_24' title='bbox 373 719 520 793; x_wconf 91' lang='lat' dir='ltr'>proposito</span> <span class='ocrx_word' id='word_1_25' title='bbox 542 729 670 795; x_wconf 87' lang='lat' dir='ltr'>argento,</span> <span class='ocrx_word' id='word_1_26' title='bbox 684 737 778 793; x_wconf 90' lang='lat' dir='ltr'>neque</span> <span class='ocrx_word' id='word_1_27' title='bbox 797 719 901 776; x_wconf 89' lang='lat' dir='ltr'>tabulis</span> <span class='ocrx_word' id='word_1_28' title='bbox 915 729 944 775; x_wconf 88' lang='lat' dir='ltr'>et</span> <span class='ocrx_word' id='word_1_29' title='bbox 1043 715 1044 732; x_wconf 61' lang='lat'>¹</span> 
     </span>
     <span class='ocr_line' id='line_1_6' title="bbox 128 812 1044 889; baseline 0.005 -22"><span class='ocrx_word' id='word_1_30' title='bbox 128 812 249 889; x_wconf 73' lang='lat' dir='ltr'>bsignis</span> <span class='ocrx_word' id='word_1_31' title='bbox 281 816 425 889; x_wconf 82' lang='lat' dir='ltr'>propalam</span> <span class='ocrx_word' id='word_1_32' title='bbox 460 815 619 886; x_wconf 83' lang='lat' dir='ltr'>collocatis,</span> <span class='ocrx_word' id='word_1_33' title='bbox 649 815 700 871; x_wconf 88' lang='lat' dir='ltr'>sed</span> <span class='ocrx_word' id='word_1_34' title='bbox 733 815 778 871; x_wconf 90' lang='lat' dir='ltr'>his</span> <span class='ocrx_word' id='word_1_35' title='bbox 810 816 944 872; x_wconf 90' lang='lat' dir='ltr'>omnibus</span> <span class='ocrx_word' id='word_1_36' title='bbox 1043 869 1044 872; x_wconf 74' lang='grc'>,</span> 
     </span>
    </p>
   </div>
   <div class='ocr_carea' id='block_1_4' title="bbox 113 909 945 2912">
    <p class='ocr_par' dir='ltr' id='par_1_4' title="bbox 113 909 945 2912">
     <span class='ocr_line' id='line_1_7' title="bbox 159 909 945 986; baseline 0.003 -21"><span class='ocrx_word' id='word_1_37' title='bbox 159 909 255 966; x_wconf 84' lang='lat' dir='ltr'>multis</span> <span class='ocrx_word' id='word_1_38' title='bbox 271 912 485 986; x_wconf 82' lang='lat' dir='ltr'>magnificisque</span> <span class='ocrx_word' id='word_1_39' title='bbox 507 912 592 967; x_wconf 90' lang='lat' dir='ltr'>rebus</span> <span class='ocrx_word' id='word_1_40' title='bbox 608 911 781 967; x_wconf 80' lang='lat' dir='ltr'>construatis</span> <span class='ocrx_word' id='word_1_41' title='bbox 796 929 830 968; x_wconf 87' lang='lat' dir='ltr'>ao</span> <span class='ocrx_word' id='word_1_42' title='bbox 843 930 945 967; x_wconf 89' lang='lat' dir='ltr'>reeon-</span> 
     </span>
     <span class='ocr_line' id='line_1_8' title="bbox 158 1006 944 1081; baseline 0.003 -20"><span class='ocrx_word' id='word_1_43' title='bbox 158 1006 241 1074; x_wconf 89' lang='lat' dir='ltr'>ditis;</span> <span class='ocrx_word' id='word_1_44' title='bbox 264 1006 305 1062; x_wconf 89' lang='lat' dir='ltr'>sio</span> <span class='ocrx_word' id='word_1_45' title='bbox 321 1007 406 1063; x_wconf 93' lang='lat' dir='ltr'>modo</span> <span class='ocrx_word' id='word_1_46' title='bbox 422 1009 450 1063; x_wconf 93' lang='lat' dir='ltr'>in</span> <span class='ocrx_word' id='word_1_47' title='bbox 465 1007 595 1063; x_wconf 90' lang='lat' dir='ltr'>oratione</span> <span class='ocrx_word' id='word_1_48' title='bbox 614 1006 711 1063; x_wconf 80' lang='lat' dir='ltr'>Crassi</span> <span class='ocrx_word' id='word_1_49' title='bbox 732 1007 845 1065; x_wconf 89' lang='lat' dir='ltr'>divitias</span> <span class='ocrx_word' id='word_1_50' title='bbox 859 1016 944 1081; x_wconf 88' lang='lat' dir='ltr'>atque</span> 
     </span>
     <span class='ocr_line' id='line_1_9' title="bbox 159 1102 945 1179; baseline 0.003 -21"><span class='ocrx_word' id='word_1_51' title='bbox 159 1113 326 1159; x_wconf 88' lang='lat' dir='ltr'>ornamenta</span> <span class='ocrx_word' id='word_1_52' title='bbox 346 1103 407 1178; x_wconf 86' lang='lat' dir='ltr'>ejus</span> <span class='ocrx_word' id='word_1_53' title='bbox 428 1104 537 1179; x_wconf 84' lang='lat' dir='ltr'>ingenii</span> <span class='ocrx_word' id='word_1_54' title='bbox 563 1121 613 1178; x_wconf 91' lang='lat' dir='ltr'>per</span> <span class='ocrx_word' id='word_1_55' title='bbox 640 1103 769 1177; x_wconf 77' lang='lat' dir='ltr'>quaedam</span> <span class='ocrx_word' id='word_1_56' title='bbox 796 1102 945 1160; x_wconf 79' lang='lat' dir='ltr'>involucra</span> 
     </span>
     <span class='ocr_line' id='line_1_10' title="bbox 160 1200 945 1275; baseline 0.003 -21"><span class='ocrx_word' id='word_1_57' title='bbox 160 1209 244 1273; x_wconf 89' lang='lat' dir='ltr'>atque</span> <span class='ocrx_word' id='word_1_58' title='bbox 266 1200 461 1275; x_wconf 85' lang='lat' dir='ltr'>integumenta</span> <span class='ocrx_word' id='word_1_59' title='bbox 488 1200 636 1274; x_wconf 84' lang='lat' dir='ltr'>perspexi:</span> <span class='ocrx_word' id='word_1_60' title='bbox 664 1200 714 1256; x_wconf 86' lang='lat' dir='ltr'>sed</span> <span class='ocrx_word' id='word_1_61' title='bbox 734 1218 769 1256; x_wconf 93' lang='lat' dir='ltr'>ea</span> <span class='ocrx_word' id='word_1_62' title='bbox 789 1218 855 1256; x_wconf 86' lang='lat' dir='ltr'>oum</span> <span class='ocrx_word' id='word_1_63' title='bbox 876 1217 945 1256; x_wconf 87' lang='lat' dir='ltr'>eon·</span> 
     </span>
     <span class='ocr_line' id='line_1_11' title="bbox 113 1294 943 1372; baseline -0.002 -17"><span class='ocrx_word' id='word_1_64' title='bbox 113 1306 144 1355; x_wconf 85' lang='lat'>10</span> <span class='ocrx_word' id='word_1_65' title='bbox 159 1296 288 1371; x_wconf 84' lang='lat' dir='ltr'>templari</span> <span class='ocrx_word' id='word_1_66' title='bbox 310 1315 454 1371; x_wconf 87' lang='lat' dir='ltr'>cuperem,</span> <span class='ocrx_word' id='word_1_67' title='bbox 478 1296 524 1351; x_wconf 80' lang='lat' dir='ltr'>rix</span> <span class='ocrx_word' id='word_1_68' title='bbox 546 1296 704 1372; x_wconf 81' lang='lat' dir='ltr'>aspiciendi</span> <span class='ocrx_word' id='word_1_69' title='bbox 734 1305 860 1371; x_wconf 87' lang='lat' dir='ltr'>potestas</span> <span class='ocrx_word' id='word_1_70' title='bbox 880 1294 943 1353; x_wconf 84' lang='lat' dir='ltr'>luit.</span> 
     </span>
     <span class='ocr_line' id='line_1_12' title="bbox 159 1391 945 1468; baseline 0 -21"><span class='ocrx_word' id='word_1_71' title='bbox 159 1392 204 1448; x_wconf 88' lang='lat' dir='ltr'>Ita</span> <span class='ocrx_word' id='word_1_72' title='bbox 224 1412 317 1467; x_wconf 89' lang='lat' dir='ltr'>neque</span> <span class='ocrx_word' id='word_1_73' title='bbox 339 1394 393 1448; x_wconf 87' lang='lat' dir='ltr'>hoe</span> <span class='ocrx_word' id='word_1_74' title='bbox 414 1411 529 1468; x_wconf 86' lang='lat' dir='ltr'>possum</span> <span class='ocrx_word' id='word_1_75' title='bbox 550 1392 657 1462; x_wconf 87' lang='lat' dir='ltr'>dicere,</span> <span class='ocrx_word' id='word_1_76' title='bbox 672 1410 717 1447; x_wconf 88' lang='lat' dir='ltr'>me</span> <span class='ocrx_word' id='word_1_77' title='bbox 731 1392 850 1448; x_wconf 91' lang='lat' dir='ltr'>omnino</span> <span class='ocrx_word' id='word_1_78' title='bbox 863 1391 945 1468; x_wconf 84' lang='lat' dir='ltr'>igno·</span> 
     </span>
     <span class='ocr_line' id='line_1_13' title="bbox 158 1487 943 1563; baseline 0.001 -19"><span class='ocrx_word' id='word_1_79' title='bbox 158 1506 231 1559; x_wconf 87' lang='lat' dir='ltr'>rare,</span> <span class='ocrx_word' id='word_1_80' title='bbox 260 1489 327 1563; x_wconf 92' lang='lat' dir='ltr'>quid</span> <span class='ocrx_word' id='word_1_81' title='bbox 362 1489 513 1563; x_wconf 89' lang='lat' dir='ltr'>possideat,</span> <span class='ocrx_word' id='word_1_82' title='bbox 543 1506 635 1563; x_wconf 89' lang='lat' dir='ltr'>neque</span> <span class='ocrx_word' id='word_1_83' title='bbox 666 1488 752 1563; x_wconf 87' lang='lat' dir='ltr'>plane</span> <span class='ocrx_word' id='word_1_84' title='bbox 784 1487 879 1558; x_wconf 80' lang='lat' dir='ltr'>ndsse,</span> <span class='ocrx_word' id='word_1_85' title='bbox 908 1507 943 1545; x_wconf 85' lang='lat' dir='ltr'>ao</span> 
     </span>
     <span class='ocr_line' id='line_1_14' title="bbox 158 1582 944 1659; baseline 0.001 -20"><span class='ocrx_word' id='word_1_86' title='bbox 158 1584 271 1641; x_wconf 84' lang='lat' dir='ltr'>vidisse.</span> <span class='ocrx_word' id='word_1_87' title='bbox 324 1583 407 1645; x_wconf 73' lang='lat' dir='ltr'>Quin</span> <span class='ocrx_word' id='word_1_88' title='bbox 440 1594 470 1639; x_wconf 92' lang='lat' dir='ltr'>tu</span> <span class='ocrx_word' id='word_1_89' title='bbox 506 1584 594 1659; x_wconf 86' lang='lat' dir='ltr'>igitur</span> <span class='ocrx_word' id='word_1_90' title='bbox 627 1583 698 1640; x_wconf 82' lang='lat' dir='ltr'>facis</span> <span class='ocrx_word' id='word_1_91' title='bbox 731 1583 817 1654; x_wconf 92' lang='lat' dir='ltr'>idem,</span> <span class='ocrx_word' id='word_1_92' title='bbox 851 1582 944 1657; x_wconf 91' lang='lat' dir='ltr'>inquit</span> 
     </span>
     <span class='ocr_line' id='line_1_15' title="bbox 159 1679 943 1755; baseline -0.003 -18"><span class='ocrx_word' id='word_1_93' title='bbox 159 1681 298 1751; x_wconf 82' lang='lat' dir='ltr'>Soaevola,</span> <span class='ocrx_word' id='word_1_94' title='bbox 319 1681 395 1755; x_wconf 91' lang='lat' dir='ltr'>quod</span> <span class='ocrx_word' id='word_1_95' title='bbox 423 1680 542 1751; x_wconf 86' lang='lat' dir='ltr'>faceres,</span> <span class='ocrx_word' id='word_1_96' title='bbox 567 1679 591 1738; x_wconf 90' lang='lat' dir='ltr'>si</span> <span class='ocrx_word' id='word_1_97' title='bbox 618 1679 648 1736; x_wconf 93' lang='lat' dir='ltr'>in</span> <span class='ocrx_word' id='word_1_98' title='bbox 676 1679 798 1755; x_wconf 88' lang='lat' dir='ltr'>aliquam</span> <span class='ocrx_word' id='word_1_99' title='bbox 825 1679 943 1736; x_wconf 92' lang='lat' dir='ltr'>domum</span> 
     </span>
     <span class='ocr_line' id='line_1_16' title="bbox 115 1775 943 1853; baseline -0.006 -16"><span class='ocrx_word' id='word_1_100' title='bbox 115 1788 145 1837; x_wconf 86' lang='lat'>15</span> <span class='ocrx_word' id='word_1_101' title='bbox 159 1776 271 1853; x_wconf 88' lang='lat' dir='ltr'>plenam</span> <span class='ocrx_word' id='word_1_102' title='bbox 291 1786 534 1848; x_wconf 75' lang='lat' dir='ltr'>ornamentorum,</span> <span class='ocrx_word' id='word_1_103' title='bbox 555 1775 695 1847; x_wconf 81' lang='lat' dir='ltr'>villamve,</span> <span class='ocrx_word' id='word_1_104' title='bbox 716 1775 862 1832; x_wconf 86' lang='lat' dir='ltr'>venissesl</span> <span class='ocrx_word' id='word_1_105' title='bbox 910 1775 943 1833; x_wconf 85' lang='lat' dir='ltr'>Si</span> 
     </span>
     <span class='ocr_line' id='line_1_17' title="bbox 159 1870 943 1949; baseline -0.003 -18"><span class='ocrx_word' id='word_1_106' title='bbox 159 1892 194 1931; x_wconf 89' lang='lat' dir='ltr'>ea</span> <span class='ocrx_word' id='word_1_107' title='bbox 213 1873 344 1949; x_wconf 89' lang='lat' dir='ltr'>seposita,</span> <span class='ocrx_word' id='word_1_108' title='bbox 365 1883 396 1929; x_wconf 92' lang='lat' dir='ltr'>ut</span> <span class='ocrx_word' id='word_1_109' title='bbox 417 1872 499 1944; x_wconf 86' lang='lat' dir='ltr'>diois,</span> <span class='ocrx_word' id='word_1_110' title='bbox 521 1883 626 1943; x_wconf 84' lang='lat' dir='ltr'>essent,</span> <span class='ocrx_word' id='word_1_111' title='bbox 641 1882 672 1928; x_wconf 92' lang='lat' dir='ltr'>tu</span> <span class='ocrx_word' id='word_1_112' title='bbox 692 1872 774 1929; x_wconf 86' lang='lat' dir='ltr'>valde</span> <span class='ocrx_word' id='word_1_113' title='bbox 794 1870 943 1947; x_wconf 78' lang='lat' dir='ltr'>spectandi</span> 
     </span>
     <span class='ocr_line' id='line_1_18' title="bbox 160 1968 942 2044; baseline -0.004 -18"><span class='ocrx_word' id='word_1_114' title='bbox 160 1971 281 2044; x_wconf 82' lang='lat' dir='ltr'>cupidus</span> <span class='ocrx_word' id='word_1_115' title='bbox 302 1990 394 2038; x_wconf 83' lang='lat' dir='ltr'>esses;</span> <span class='ocrx_word' id='word_1_116' title='bbox 420 1988 477 2025; x_wconf 94' lang='lat' dir='ltr'>non</span> <span class='ocrx_word' id='word_1_117' title='bbox 498 1969 644 2025; x_wconf 88' lang='lat' dir='ltr'>dubitares</span> <span class='ocrx_word' id='word_1_118' title='bbox 664 1987 764 2044; x_wconf 84' lang='lat' dir='ltr'>rogare</span> <span class='ocrx_word' id='word_1_119' title='bbox 784 1968 942 2038; x_wconf 90' lang='lat' dir='ltr'>dominum,</span> 
     </span>
     <span class='ocr_line' id='line_1_19' title="bbox 159 2063 941 2139; baseline -0.004 -17"><span class='ocrx_word' id='word_1_120' title='bbox 159 2076 190 2122; x_wconf 92' lang='lat' dir='ltr'>ut</span> <span class='ocrx_word' id='word_1_121' title='bbox 204 2066 321 2139; x_wconf 81' lang='lat' dir='ltr'>proferri</span> <span class='ocrx_word' id='word_1_122' title='bbox 333 2065 456 2139; x_wconf 86' lang='lat' dir='ltr'>juberet,</span> <span class='ocrx_word' id='word_1_123' title='bbox 470 2064 626 2139; x_wconf 77' lang='lat' dir='ltr'>praesertim</span> <span class='ocrx_word' id='word_1_124' title='bbox 641 2064 664 2121; x_wconf 87' lang='lat' dir='ltr'>si</span> <span class='ocrx_word' id='word_1_125' title='bbox 681 2082 758 2121; x_wconf 88' lang='lat' dir='ltr'>esses</span> <span class='ocrx_word' id='word_1_126' title='bbox 779 2063 941 2121; x_wconf 82' lang='lat' dir='ltr'>familiaris:</span> 
     </span>
     <span class='ocr_line' id='line_1_20' title="bbox 159 2160 943 2235; baseline 0.001 -19"><span class='ocrx_word' id='word_1_127' title='bbox 159 2161 289 2217; x_wconf 88' lang='lat' dir='ltr'>similiter</span> <span class='ocrx_word' id='word_1_128' title='bbox 316 2178 394 2216; x_wconf 88' lang='lat' dir='ltr'>nuno</span> <span class='ocrx_word' id='word_1_129' title='bbox 420 2172 500 2235; x_wconf 90' lang='lat' dir='ltr'>petes</span> <span class='ocrx_word' id='word_1_130' title='bbox 522 2180 538 2216; x_wconf 94' lang='lat' dir='ltr'>a</span> <span class='ocrx_word' id='word_1_131' title='bbox 558 2160 674 2231; x_wconf 84' lang='lat' dir='ltr'>Crasso,</span> <span class='ocrx_word' id='word_1_132' title='bbox 694 2171 726 2217; x_wconf 89' lang='lat' dir='ltr'>ut</span> <span class='ocrx_word' id='word_1_133' title='bbox 746 2179 808 2217; x_wconf 88' lang='lat' dir='ltr'>eam</span> <span class='ocrx_word' id='word_1_134' title='bbox 830 2160 943 2235; x_wconf 81' lang='lat' dir='ltr'>copiam</span> 
     </span>
     <span class='ocr_line' id='line_1_21' title="bbox 113 2266 943 2330; baseline -0.006 -13"><span class='ocrx_word' id='word_1_135' title='bbox 113 2268 145 2317; x_wconf 72' lang='lat'>20</span> <span class='ocrx_word' id='word_1_136' title='bbox 159 2267 387 2314; x_wconf 87' lang='lat' dir='ltr'>ornamentorum</span> <span class='ocrx_word' id='word_1_137' title='bbox 410 2274 537 2325; x_wconf 84' lang='lat' dir='ltr'>suorum,</span> <span class='ocrx_word' id='word_1_138' title='bbox 559 2274 643 2330; x_wconf 90' lang='lat' dir='ltr'>quam</span> <span class='ocrx_word' id='word_1_139' title='bbox 670 2266 864 2313; x_wconf 87' lang='lat' dir='ltr'>eonstruotam</span> <span class='ocrx_word' id='word_1_140' title='bbox 884 2274 943 2313; x_wconf 92' lang='lat' dir='ltr'>uno</span> 
     </span>
     <span class='ocr_line' id='line_1_22' title="bbox 159 2353 943 2428; baseline -0.001 -18"><span class='ocrx_word' id='word_1_141' title='bbox 159 2355 189 2411; x_wconf 92' lang='lat' dir='ltr'>in</span> <span class='ocrx_word' id='word_1_142' title='bbox 224 2354 298 2423; x_wconf 83' lang='lat' dir='ltr'>loeo,</span> <span class='ocrx_word' id='word_1_143' title='bbox 326 2353 406 2426; x_wconf 87' lang='lat' dir='ltr'>quasi</span> <span class='ocrx_word' id='word_1_144' title='bbox 440 2371 490 2428; x_wconf 90' lang='lat' dir='ltr'>per</span> <span class='ocrx_word' id='word_1_145' title='bbox 522 2363 708 2409; x_wconf 87' lang='lat' dir='ltr'>transennam</span> <span class='ocrx_word' id='word_1_146' title='bbox 741 2363 943 2427; x_wconf 70' lang='lat' dir='ltr'>pretereuntes</span> 
     </span>
     <span class='ocr_line' id='line_1_23' title="bbox 160 2448 943 2523; baseline -0.003 -16"><span class='ocrx_word' id='word_1_147' title='bbox 160 2450 281 2507; x_wconf 77' lang='lat' dir='ltr'>strictim</span> <span class='ocrx_word' id='word_1_148' title='bbox 310 2448 479 2523; x_wconf 84' lang='lat' dir='ltr'>aspeximus,</span> <span class='ocrx_word' id='word_1_149' title='bbox 502 2448 531 2504; x_wconf 95' lang='lat' dir='ltr'>in</span> <span class='ocrx_word' id='word_1_150' title='bbox 558 2448 653 2505; x_wconf 82' lang='lat' dir='ltr'>lucem</span> <span class='ocrx_word' id='word_1_151' title='bbox 679 2448 812 2523; x_wconf 80' lang='lat' dir='ltr'>proferat,</span> <span class='ocrx_word' id='word_1_152' title='bbox 834 2458 863 2505; x_wconf 88' lang='lat' dir='ltr'>et</span> <span class='ocrx_word' id='word_1_153' title='bbox 889 2466 943 2505; x_wconf 90' lang='lat' dir='ltr'>suo</span> 
     </span>
     <span class='ocr_line' id='line_1_24' title="bbox 160 2544 945 2621; baseline 0 -19"><span class='ocrx_word' id='word_1_154' title='bbox 160 2546 285 2621; x_wconf 92' lang='lat' dir='ltr'>quidque</span> <span class='ocrx_word' id='word_1_155' title='bbox 312 2546 342 2602; x_wconf 90' lang='lat' dir='ltr'>in</span> <span class='ocrx_word' id='word_1_156' title='bbox 369 2545 434 2601; x_wconf 86' lang='lat' dir='ltr'>looo</span> <span class='ocrx_word' id='word_1_157' title='bbox 467 2544 597 2601; x_wconf 85' lang='lat' dir='ltr'>oolloeet</span> <span class='ocrx_word' id='word_1_158' title='bbox 653 2544 717 2620; x_wconf 85' lang='lat' dir='ltr'>Ego</span> <span class='ocrx_word' id='word_1_159' title='bbox 746 2562 823 2614; x_wconf 85' lang='lat' dir='ltr'>vero,</span> <span class='ocrx_word' id='word_1_160' title='bbox 851 2545 945 2620; x_wconf 91' lang='lat' dir='ltr'>inquit</span> 
     </span>
     <span class='ocr_line' id='line_1_25' title="bbox 160 2640 944 2717; baseline -0.003 -18"><span class='ocrx_word' id='word_1_161' title='bbox 160 2643 256 2712; x_wconf 86' lang='lat' dir='ltr'>Cotta,</span> <span class='ocrx_word' id='word_1_162' title='bbox 280 2662 295 2699; x_wconf 91' lang='lat' dir='ltr'>a</span> <span class='ocrx_word' id='word_1_163' title='bbox 314 2652 343 2699; x_wconf 88' lang='lat' dir='ltr'>te</span> <span class='ocrx_word' id='word_1_164' title='bbox 363 2651 439 2717; x_wconf 90' lang='lat' dir='ltr'>peto,</span> <span class='ocrx_word' id='word_1_165' title='bbox 460 2641 607 2697; x_wconf 86' lang='lat' dir='ltr'>Soaevola:</span> <span class='ocrx_word' id='word_1_166' title='bbox 635 2658 682 2697; x_wconf 88' lang='lat' dir='ltr'>me</span> <span class='ocrx_word' id='word_1_167' title='bbox 708 2640 795 2711; x_wconf 88' lang='lat' dir='ltr'>enim,</span> <span class='ocrx_word' id='word_1_168' title='bbox 816 2650 845 2697; x_wconf 87' lang='lat' dir='ltr'>et</span> <span class='ocrx_word' id='word_1_169' title='bbox 865 2641 944 2698; x_wconf 84' lang='lat' dir='ltr'>huno</span> 
     </span>
     <span class='ocr_line' id='line_1_26' title="bbox 113 2736 943 2813; baseline -0.005 -17"><span class='ocrx_word' id='word_1_170' title='bbox 113 2744 145 2795; x_wconf 74' lang='lat'>25</span> <span class='ocrx_word' id='word_1_171' title='bbox 160 2738 320 2813; x_wconf 81' lang='lat' dir='ltr'>Sulpicium</span> <span class='ocrx_word' id='word_1_172' title='bbox 348 2736 466 2813; x_wconf 90' lang='lat' dir='ltr'>impedit</span> <span class='ocrx_word' id='word_1_173' title='bbox 492 2737 586 2812; x_wconf 89' lang='lat' dir='ltr'>pudor</span> <span class='ocrx_word' id='word_1_174' title='bbox 610 2737 646 2792; x_wconf 86' lang='lat' dir='ltr'>ab</span> <span class='ocrx_word' id='word_1_175' title='bbox 673 2737 789 2793; x_wconf 88' lang='lat' dir='ltr'>homine</span> <span class='ocrx_word' id='word_1_176' title='bbox 814 2737 943 2794; x_wconf 89' lang='lat' dir='ltr'>omnium</span> 
     </span>
     <span class='ocr_line' id='line_1_27' title="bbox 159 2831 943 2912; baseline -0.005 -21"><span class='ocrx_word' id='word_1_177' title='bbox 159 2834 335 2912; x_wconf 87' lang='lat' dir='ltr'>gravissimo,</span> <span class='ocrx_word' id='word_1_178' title='bbox 360 2834 409 2908; x_wconf 91' lang='lat' dir='ltr'>qui</span> <span class='ocrx_word' id='word_1_179' title='bbox 437 2852 528 2909; x_wconf 84' lang='lat' dir='ltr'>genus</span> <span class='ocrx_word' id='word_1_180' title='bbox 554 2832 717 2907; x_wconf 86' lang='lat' dir='ltr'>hujusmodi</span> <span class='ocrx_word' id='word_1_181' title='bbox 744 2831 943 2908; x_wconf 84' lang='lat' dir='ltr'>disputationis</span> 
     </span>
    </p>
   </div>
   <div class='ocr_carea' id='block_1_5' title="bbox 159 2926 943 3105">
    <p class='ocr_par' dir='ltr' id='par_1_5' title="bbox 159 2926 943 3105">
     <span class='ocr_line' id='line_1_28' title="bbox 159 2926 943 3006; baseline -0.006 -17"><span class='ocrx_word' id='word_1_182' title='bbox 159 2950 271 3006; x_wconf 90' lang='lat' dir='ltr'>semper</span> <span class='ocrx_word' id='word_1_183' title='bbox 304 2929 496 2999; x_wconf 87' lang='lat' dir='ltr'>oontemserit,</span> <span class='ocrx_word' id='word_1_184' title='bbox 537 2928 610 2998; x_wconf 78' lang='lat' dir='ltr'>heo,</span> <span class='ocrx_word' id='word_1_185' title='bbox 648 2948 711 3003; x_wconf 78' lang='lat' dir='ltr'>que</span> <span class='ocrx_word' id='word_1_186' title='bbox 745 2928 791 2985; x_wconf 90' lang='lat' dir='ltr'>isti</span> <span class='ocrx_word' id='word_1_187' title='bbox 825 2926 943 2985; x_wconf 80' lang='lat' dir='ltr'>forsitan</span> 
     </span>
     <span class='ocr_line' id='line_1_29' title="bbox 159 3022 943 3105; baseline -0.008 -20"><span class='ocrx_word' id='word_1_188' title='bbox 159 3046 312 3105; x_wconf 84' lang='lat' dir='ltr'>puerorum</span> <span class='ocrx_word' id='word_1_189' title='bbox 340 3026 482 3083; x_wconf 90' lang='lat' dir='ltr'>elementa</span> <span class='ocrx_word' id='word_1_190' title='bbox 508 3024 667 3096; x_wconf 84' lang='lat' dir='ltr'>videantur,</span> <span class='ocrx_word' id='word_1_191' title='bbox 687 3025 842 3099; x_wconf 80' lang='lat' dir='ltr'>exquirere.</span> <span class='ocrx_word' id='word_1_192' title='bbox 882 3022 943 3079; x_wconf 85' lang='lat' dir='ltr'>Sed</span> 
     </span>
    </p>
   </div>
   <div class='ocr_carea' id='block_1_6' title="bbox 0 0 1060 3417">
    <p class='ocr_par' dir='ltr' id='par_1_6' title="bbox 0 0 1060 3417">
     <span class='ocr_line' id='line_1_30' title="bbox 0 0 1060 3417; baseline 0 0"><span class='ocrx_word' id='word_1_193' title='bbox 0 0 1060 3417; x_wconf 95' lang='lat' dir='ltr'> </span> 
     </span>
    </p>
   </div>
  </div>
 </body>
</html>
