2109 3417
94 252 136 315 le
416 260 460 308 na
481 259 645 307 caussas.
755 270 766 288 κ
857 255 926 316 [nr.

180 409 248 470 Hoc
267 411 334 469 loco
356 409 512 487 Sulpicius,
534 407 695 484 Insperanti
722 405 802 478 mihi,
824 404 924 481 inquit,

141 519 170 567 et
197 509 300 580 Cottoe,
322 508 373 565 sed
399 509 482 567 valde
507 505 619 582 optanti
645 504 759 578 utrique
785 502 924 575 nostrdm,

142 606 258 677 cecidit,
272 606 347 662 utin
362 605 447 662 istum
466 621 638 673 sermonem,
653 602 766 672 Crasse,
781 601 925 657 delabere-

140 703 219 760 mini.
273 702 369 759 Nobis
388 702 464 759 enim
485 701 543 756 huc
563 697 744 756 venientibus
764 697 923 772 jucundum

110 800 209 856 fisatis
229 799 290 856 fore
310 799 467 868 videbatur,
489 797 522 868 si,
543 815 610 854 cum
629 813 679 852 vos
699 795 736 850 de
756 795 841 852 rebus
862 793 924 852 aliis

140 895 338 970 loqueremini,
371 905 467 951 tamen
500 913 554 950 nos
588 892 692 968 aliquid
726 909 762 948 ex
794 909 924 948 sermone

140 1004 234 1050 vestro
253 990 391 1048 memoris
412 991 531 1066 dignum
551 989 683 1064 excipere
704 1007 867 1064 possemus;
892 997 924 1044 ut

140 1107 209 1146 vero
220 1088 335 1163 penitus
348 1087 379 1143 in
392 1105 455 1143 earn
469 1088 560 1161 ipsam
573 1086 659 1144 totius
673 1085 757 1161 hujus
767 1085 810 1142 vel
825 1084 922 1155 studii,

140 1185 185 1242 rel
205 1182 328 1253 artificii,
349 1182 392 1239 vel
420 1183 564 1239 facultatis
591 1183 811 1258 disputationem
839 1199 922 1256 paene

95 1292 127 1340 lu
141 1281 270 1337 intimam
284 1278 427 1349 veniretis,
439 1279 486 1334 via
498 1278 651 1353 optandum
666 1279 750 1336 nobis
764 1278 921 1335 videbatur.

141 1377 205 1454 Ego
224 1376 311 1446 enim,
325 1375 374 1450 qui
396 1376 431 1432 ab
452 1375 569 1431 ineunte
585 1384 666 1432 atate
681 1375 815 1432 incensus
829 1393 921 1433 essem

141 1473 236 1532 studio
267 1471 416 1544 utriusque
441 1469 577 1540 restrium,
606 1471 701 1528 Crassi
735 1490 802 1528 vero
834 1471 920 1528 etiam

142 1587 247 1640 amore,
261 1587 329 1625 cum
345 1568 380 1625 ab
394 1586 430 1624 eo
442 1585 584 1641 nusquam
604 1567 790 1639 discederem,
805 1569 922 1624 verbum

140 1683 176 1723 ex
194 1683 230 1723 eo
250 1683 397 1741 nunquam
423 1664 528 1721 elicere
555 1664 634 1740 potui
654 1666 690 1722 de
710 1665 737 1722 vi
759 1683 793 1722 ac
813 1664 922 1724 ratione

95 1767 127 1816 15
141 1763 266 1834 dicendi,
281 1781 346 1820 cum
361 1773 390 1819 et
402 1781 453 1838 per
467 1761 664 1836 memetipsum
684 1763 816 1837 egissem,
830 1771 859 1818 et
872 1779 922 1836 per

140 1858 266 1917 Drusum
293 1874 369 1934 saepe
401 1859 574 1915 tenuissem:
609 1875 666 1932 quo
692 1857 722 1913 in
741 1877 853 1934 «genere
879 1868 922 1928 tu,

140 1956 261 2026 Antoni,
282 1955 362 2030 (vere
389 1955 502 2034 loquar)
531 1971 674 2029 nunquam
702 1955 782 2025 mihi,
803 1973 922 2030 percon·

140 2052 222 2123 tanti,
244 2061 292 2108 aut
312 2052 449 2126 quaerenti
471 2051 587 2125 aliquid,
606 2049 731 2121 defuisti,
748 2061 777 2108 et
795 2070 921 2127 persepe

140 2165 196 2218 me,
211 2166 273 2222 quae
294 2149 400 2204 soleres
420 2147 449 2202 in
470 2146 594 2202 dicendo
615 2147 773 2219 observare,
788 2148 920 2206 docuisti.

94 2252 127 2304 w
141 2241 240 2314 Nunc,
254 2242 387 2317 quoniam
403 2252 521 2314 uterque
535 2242 661 2298 vestriim
676 2244 810 2319 patefecit
824 2264 921 2302 earum

141 2357 236 2398 rerum
256 2339 381 2413 ipsarum
403 2337 521 2407 aditum,
539 2355 608 2411 quas
629 2340 790 2413 quaerimus,
805 2352 834 2398 et
854 2355 922 2416 quu-

141 2436 218 2494 niam
238 2434 372 2510 princeps
391 2434 513 2492 Crassus
537 2435 598 2510 ejus
625 2437 765 2494 sermonis
790 2438 921 2512 ordiendi

142 2532 204 2602 fuit,
218 2533 284 2588 date
297 2531 381 2587 nobis
399 2531 474 2587 hanc
488 2532 610 2603 veniam,
626 2545 657 2590 ut
670 2553 713 2603 ea,
728 2553 790 2608 qua
811 2535 922 2590 sentitis

142 2627 178 2684 de
190 2627 269 2684 omni
283 2645 389 2704 genere
401 2628 527 2699 dicendi,
542 2631 683 2688 subtiliter
702 2631 920 2705 persequamini.

95 2729 128 2785 8
140 2722 230 2785 Quod
249 2724 365 2799 quidem
385 2725 410 2782 si
430 2723 484 2782 erit
505 2744 522 2782 a
541 2726 619 2783 vobis
640 2727 830 2802 impetratum,
846 2747 923 2804 mag·

141 2837 208 2878 nam
227 2819 350 2890 habebo,
365 2821 478 2891 Crasse,
493 2822 561 2878 huic
577 2822 724 2898 palaestrae,
739 2835 767 2880 et
781 2823 923 2882 Tuscula-

141 2933 182 2976 no
205 2926 257 2975 tuo
281 2917 412 2995 gratiam,
444 2928 485 2999 ets
506 2918 592 2995 longe
625 2919 790 2977 Academie
818 2921 860 2978 illi
888 2941 922 2980 ac
