2109 3417
117 338 210 398 bru]
397 337 441 386 uu
461 338 624 386 onrruun.
889 325 945 390 1oe

11 519 15 545 r
117 485 148 543 in
161 484 241 543 omni
254 503 369 562 genere,
383 498 445 544 turn
458 486 489 544 in
502 486 557 544 boe
571 487 643 562 ipso,
654 504 758 564 magne
771 486 901 562 quedem

117 592 162 638 est
187 581 230 638 vis
256 582 489 657 incredibilisque
516 583 633 641 neturae.
687 583 797 640 Omnes
823 583 901 641 enim

118 677 207 734 tuuito
227 677 349 752 quodum
369 697 465 750 sensu,
480 679 541 736 sine
564 679 622 736 ullu
642 689 702 736 erte
718 689 766 737 eut
779 672 899 752 ratione,

118 792 181 848 quur
194 773 251 830 sint
264 775 296 831 in
309 775 416 832 artibus
430 776 636 832 rorationibus
656 785 734 833 reete
753 795 787 834 ee
804 793 899 851 preve,

118 869 293 944 dijudicant:
313 870 408 944 idque*
419 889 486 928 eum
508 871 618 928 fuciunt
637 871 666 928 in
686 871 813 947 picturis,
827 882 856 928 et
870 871 899 928 in
913 883 930 931 5

111 965 216 1041 signis,
231 976 260 1022 et
273 965 303 1022 in
318 967 380 1026 uliis
392 968 540 1042 operibus,
552 967 585 1024 ad
603 986 722 1042 quorum
742 967 901 1044 intelligen-

12 1104 14 1139 3
116 1061 185 1119 tium
206 1081 224 1119 e
243 1062 345 1119 nuturb
365 1063 459 1120 rninus
482 1063 589 1120 habent
615 1063 811 1134 instrumenti3
839 1074 900 1122 tum

12 1202 13 1209 ,
116 1157 207 1214 multo
219 1159 375 1215 ostendunt
388 1159 480 1235 magis
493 1159 521 1216 in
534 1160 695 1233 verborum,
706 1177 898 1232 numerorum,

115 1270 276 1328 nonumque
287 1253 414 1328 judiei03
437 1255 513 1328 quod
527 1273 563 1311 ea
576 1266 641 1312 sunt
655 1256 684 1313 in
699 1257 900 1313 communibus

12 1398 13 1429 Ξ
117 1347 205 1404 infixe
224 1348 364 1418 sensibus,
382 1367 476 1422 neque
495 1367 593 1406 eurum
614 1369 709 1406 rerum
729 1369 899 1426 quemquem
914 1365 945 1416 ιο

117 1442 246 1499 funditus
270 1453 373 1500 natura
398 1443 488 1500 noluit
513 1462 577 1500 esse
603 1455 754 1520 expertem.
799 1446 899 1522 Itaque

12 1594 14 1612 ι
117 1556 175 1595 non
191 1537 288 1594 solum
308 1538 402 1595 verbis
422 1540 482 1596 erte
501 1539 602 1614 positis
622 1550 769 1596 moventur
789 1558 899 1614 omnes,

117 1652 215 1691 verum
228 1633 315 1691 etium
330 1635 457 1691 numeris
471 1655 505 1692 ee
519 1635 646 1692 vocibus.
686 1635 804 1698 Quotus
823 1637 900 1694 enirn

12 1784 13 1807 χ
117 1729 237 1805 quisque
263 1740 317 1802 est,
338 1730 388 1806 qui
413 1740 510 1788 tenent
537 1742 624 1788 artem
654 1749 838 1788 numerorum
866 1749 900 1788 an

12 1810 13 1817 ἵ
117 1825 287 1883 modoruml
325 1826 367 1884 At
381 1826 470 1883 iubis
482 1826 507 1884 si
519 1827 635 1902 paulum
654 1827 738 1885 modo
757 1827 898 1885 offensum
915 1840 946 1890 15

116 1930 170 1992 est,
192 1931 224 1978 ut
244 1932 292 1979 eut
311 1922 509 1980 contractione
530 1923 642 1980 brevius
661 1923 751 1994 fieret,
773 1933 821 1980 aut
838 1941 901 1999 pro·

116 2017 254 2075 ductione
265 2017 389 2095 longius,
400 2019 511 2076 theatra
521 2028 580 2076 tute
593 2019 757 2078 rsulamunt.
797 2019 900 2081 Quidl

116 2113 173 2171 bne
191 2132 250 2172 non
270 2114 346 2171 idem
364 2115 397 2172 lit
414 2114 443 2172 iu
457 2115 586 2188 vocibus,
600 2125 632 2172 ut
646 2113 857 2174 emultitudins
871 2124 900 2173 et

115 2209 304 2284 populo,-non
325 2210 411 2268 modo
430 2221 551 2268 eatervae
570 2221 654 2286 etque
668 2221 835 2283 conventus,
849 2211 899 2268 sed

117 2305 203 2363 etiem
217 2306 272 2382 ipsi
284 2306 341 2364 sibi
353 2307 459 2385 singuli
472 2307 677 2384 discrepantes,
691 2307 863 2384 ejieienlurl
913 2319 946 2370 2⁰

157 2495 205 2554 LI.
236 2495 371 2556 Mirabile
389 2509 443 2570 est,
459 2517 525 2556 eum
546 2498 698 2575 plurimum
718 2492 748 2557 in
768 2499 900 2558 leniendo

118 2592 230 2650 intersit
249 2593 323 2651 inter
343 2594 459 2653 doctum
470 2606 508 2653 ·et
526 2596 637 2668 rudem,
651 2615 735 2671 quern
755 2615 814 2654 nou
829 2597 901 2654 mul-

117 2699 178 2746 tum
205 2688 317 2747 differet
342 2690 372 2747 in
396 2691 562 2767 judicando.
603 2692 660 2749 Are
686 2692 773 2764 enim,
795 2711 861 2750 eum
884 2711 901 2750 s

117 2783 221 2842 nuturb
246 2786 376 2860 presente
401 2786 447 2858 sit,
475 2787 531 2844 nisi
566 2785 694 2867 [nutura]
728 2798 840 2846 moveat
867 2806 901 2845 en

118 2879 252 2952 delectet,
273 2878 344 2938 nibil
364 2899 434 2938 sune
452 2881 553 2958 egisse
567 2882 703 2940 videntur.
756 2881 838 2940 Nihil
858 2887 945 2938 est&

119 2987 216 3037 nutem
242 2988 301 3038 tuni
327 2989 483 3058 cognatum
508 2980 653 3040 mentibus
678 2980 790 3052 nostrie,
816 2997 901 3055 quum

119 3075 231 3136 numeri
257 3086 341 3160 etque
362 3095 449 3138 voees
456 3098 464 3152 ς
497 3077 602 3157 quibus
627 3087 656 3137 nt
681 3077 847 3150 exultarunt,
870 3084 901 3135 el
