2109 3417
20 331 25 377 1
104 328 131 374 ι.
142 327 197 389 ιιι]
385 329 428 377 nr.
449 329 610 377 onnronn.
874 282 931 380 in

19 506 22 541 l

19 602 22 635 l

18 795 21 830 l

103 478 197 548 diam3
224 476 378 535 dummodo
404 480 460 536 hoe
479 490 601 551 constet,
622 496 714 555 neque
735 476 883 539 infantiam

104 573 175 649 ejus,
194 572 242 648 qui
261 592 321 630 rem
342 574 425 645 nririt,
446 576 495 633 sed
515 595 578 632 eam
599 576 740 650 explicare
761 576 884 635 dicendo

103 690 162 727 non
176 680 271 745 queat,
285 688 377 745 neque
397 671 578 729 inscientiam
599 670 684 742 illius,
699 672 745 729 cui
766 692 811 729 res
824 692 883 730 non

103 775 244 840 suppetat,
271 766 357 823 verba
390 786 446 824 non
473 767 576 838 desint,
604 785 667 823 esse
695 768 880 825 laudandam:

18 895 20 925 ,=
103 880 224 935 quorum
238 880 263 918 sr
254 860 395 918 alterum
409 862 447 919 sit
459 862 623 937 optandum,
638 862 733 920 malim
751 862 882 951 equidem
898 870 914 918 5

18 991 19 1020 ι
104 956 268 1062 indisertam
294 947 484 1042 prudentiam,
505 977 591 1033 quam
614 958 762 1017 stultitiam
787 959 883 1035 loqua-

102 1056 198 1110 cem(

141 1150 193 1205 Sin
213 1148 374 1223 quaerimus,
395 1147 462 1224 quid
482 1168 572 1207 unum
598 1150 718 1207 excellat
737 1169 771 1208 ex
792 1149 881 1208 omni-

100 1244 164 1314 bus,
183 1244 273 1308 doato
298 1246 401 1325 oratori
427 1245 522 1333 palma
544 1244 638 1303 danda
660 1255 719 1302 est:
750 1244 881 1320 quamsi

100 1339 247 1414 patiuntur
280 1318 402 1396 eundern
436 1358 498 1397 esse
531 1332 761 1419 philosophum,
772 1341 895 1399 sublata
898 1348 929 1399 10
968 1328 972 1335 ¹

101 1433 293 1491 controversia
306 1443 356 1490 est.
397 1434 450 1489 Sin
464 1453 524 1491 ens
527 1433 705 1508 disjungenm
726 1433 782 1491 hon
800 1447 882 1495 erunt

101 1528 260 1609 inferiores,
275 1528 348 1602 qnod
364 1527 393 1595 in
407 1538 519 1603 oratqre
539 1528 666 1610 perfeeto
684 1528 757 1585 inest
770 1529 882 1605 illorum

101 1624 196 1681 omnis
210 1624 340 1696 scientia,
351 1624 380 1681 in
391 1624 622 1700 philosophorum
638 1633 731 1684 autem
746 1625 882 1701 cognitio·

101 1741 139 1778 ne
152 1738 210 1776 non
230 1718 367 1777 continuo
387 1719 461 1777 inest
480 1720 657 1797 eloquentia3
679 1737 740 1794 quae
754 1718 881 1794 quamvis

102 1825 300 1875 contemnatur
322 1816 356 1874 ab
377 1816 427 1887 eis,
445 1834 562 1874 neeesse
582 1825 739 1873 esttamen
760 1814 882 1897 aliquem
898 1818 929 1869 15

101 1913 248 1971 cumulum
262 1914 374 1971 illorum
395 1912 501 1971 artibus
518 1912 618 1970 afferre
631 1912 767 1969 videatur.
810 1908 883 1971 Haea

101 2029 168 2068 enm
183 2010 303 2068 Crassus
316 2009 434 2067 dixisset
436 2028 603 2086 ,parumper
617 2019 645 2065 et
659 2007 719 2085 ipse
734 2007 881 2115 continuit,

101 2115 130 2164 et
144 2105 248 2163 ceteris
260 2103 406 2201 silentium
419 2103 480 2161 fuit.

141 2231 284 2355 XXXVI.
315 2296 393 2354 Turn
408 2296 504 2367 Cotta,
518 2294 670 2369 Equidem,
684 2292 785 2369 inquit,
799 2294 883 2354 Cras-

103 2411 144 2464 se,
165 2412 222 2449 ιιοιι
243 2412 357 2468 possum
377 2390 466 2467 queri,
481 2390 556 2467 quod
577 2390 646 2447 mihi
667 2390 779 2448 videare
807 2390 883 2450 aliud
897 2397 929 2448 2⁰

104 2488 248 2564 quiddam,
262 2499 291 2545 et
304 2507 362 2545 non
382 2488 411 2544 id
432 2486 506 2562 quod
525 2486 692 2561 susceperis,
707 2486 882 2563 disputdsse;

102 2584 167 2660 plus
193 2583 268 2640 enirn
297 2584 441 2657 aliquanto
469 2582 596 2652 attulisti,
623 2602 706 2658 quam
733 2582 785 2640 tibi
808 2593 884 2641 esset

104 2680 240 2738 tributum
260 2698 277 2735 a
294 2678 377 2734 nobis
398 2696 432 2734 ae
453 2677 666 2735 denuntiatum:
687 2679 736 2735 sed
757 2689 835 2738 certe
855 2689 884 2737 et

103 2776 146 2833 hee
160 2783 254 2850 partes
267 2774 382 2831 fuerunt
394 2783 460 2843 tnae,
476 2773 511 2830 de
526 2773 692 2831 illustrandi
709 2772 838 2832 oratione
851 2783 883 2832 ut

104 2872 224 2941 diceres,
249 2879 278 2927 et
303 2888 367 2926 eras
393 2869 453 2944 ipse
476 2868 536 2944 jam
563 2869 715 2945 ingressus,
741 2880 823 2949 atque
853 2870 882 2927 in
898 2874 930 2924 25

103 2977 223 3043 quatuor
235 2975 330 3043 partes
343 2983 458 3023 omnem
477 2964 613 3023 orationis
633 2964 745 3023 laudem
760 2964 883 3040 descrip-

104 3080 196 3123 seras:
221 3066 344 3139 eumque
364 3061 401 3119 de
419 3060 530 3119 duabus
549 3058 648 3135 primis
666 3060 750 3119 nobis
768 3058 882 3137 quidem
