2109 3417
116 291 202 352 nn]
399 293 444 341 un
464 293 628 342 unricus.
893 285 946 346 151

116 441 203 500 nitas.
253 440 287 500 In
308 459 366 516 quo
385 453 429 500 est
442 442 491 500 ilia
510 442 627 517 quidem
647 461 752 521 magna
771 441 903 514 offensio,

117 538 163 597 vel
187 538 378 616 negligentis,
399 540 542 615 susceptis
566 541 668 610 rebus;
696 541 739 598 vel
766 540 902 617 perfidis,

117 635 259 711 receptis:
286 635 443 693 sedetiam
471 635 521 693 ilia
548 636 635 711 msjor
661 636 805 712 opinione,
826 636 903 712 quod

118 750 205 789 nemo
230 741 333 807 potest,
355 732 392 788 de
416 731 453 790 ed
478 749 511 789 re
537 751 622 807 quum
648 751 707 792 nou
733 733 822 806 novit,
844 752 902 791 uon

117 827 281 904 turpissime
301 828 406 886 dicere.
446 827 493 886 Its
511 827 579 886 dum
601 827 709 886 inertie
725 828 933 906 vituperatio-5

118 943 195 994 ueru,
216 943 279 998 quc
300 923 389 999 major
414 934 468 995 est,
489 935 687 997 contemnunt,
716 937 903 1001 assequuntur

117 1020 205 1078 etiam
225 1019 314 1091 iilam,
326 1038 412 1095 qusm
433 1020 524 1097 magis
544 1019 597 1096 ipsi
616 1021 738 1098 fugiunt,
753 1022 902 1080 tarditatis.

118 1115 259 1190 Equidem
280 1117 359 1174 soleo
377 1117 448 1173 dare
467 1133 594 1191 operam,
609 1127 640 1174 ut
656 1117 692 1174 de
712 1118 764 1175 sud
783 1118 904 1194 quisque

952 788 976 827 V

118 1230 151 1268 re
166 1231 211 1268 me
225 1213 285 1287 ipse
298 1212 410 1282 doceat,
425 1222 464 1283 ct,
479 1222 511 1268 ut
524 1231 562 1270 ne
576 1213 639 1287 quis
654 1213 726 1271 alius
748 1215 831 1284 adsit,
846 1233 903 1289 quo

117 1308 238 1366 liberius
256 1307 397 1383 loquatur,
412 1318 441 1366 et
455 1327 539 1385 agere
560 1309 712 1368 adversarii
731 1328 857 1381 causam,
872 1320 903 1367 ut
918 1317 948 1366 1⁰

117 1404 168 1461 ilie
188 1414 254 1480 ngat
273 1423 364 1476 suam,
379 1414 416 1474 et,
431 1404 569 1479 quidquid
590 1405 636 1462 dc¹
647 1406 699 1462 sud
713 1424 744 1462 rc
758 1407 902 1483 cogitdrit,

117 1499 148 1557 in
169 1498 295 1556 medium
315 1498 445 1574 proferat.
486 1498 597 1574 Itaque,
619 1518 684 1556 cum
699 1500 747 1558 ille
761 1500 902 1572 discessit,

116 1606 177 1654 tres
195 1613 333 1672 personas
352 1614 427 1654 uuus
445 1595 573 1652 sustineo
590 1597 701 1654 summi
716 1596 802 1654 snimi
817 1597 903 1670 sequi·

117 1703 186 1765 tate,
208 1710 310 1762 meam,
332 1691 496 1764 adversarii,‘
512 1690 628 1766 judicis.
675 1690 739 1753 Qui
759 1691 840 1749 locus
860 1701 903 1748 est

47 1845 56 1860 ‚
117 1789 192 1860 tuiis,
207 1797 239 1844 ut
252 1787 316 1863 pius
330 1787 434 1844 habeut
447 1785 603 1863 adjumenti
617 1805 702 1860 quam
717 1787 902 1857 incommodi,
918 1788 949 1837 15

117 1885 197 1942 hunc
214 1884 313 1960 judico
325 1901 390 1940 esse
403 1882 574 1940 dicendum:
596 1881 645 1940 ubi
658 1882 723 1957 plus
737 1882 804 1940 maii
818 1901 903 1957 quam

117 1981 187 2039 boni
213 1979 335 2056 reperio,
360 1979 389 2036 id
416 1989 508 2036 totum
536 1978 670 2054 abjudicc
698 1988 783 2052 atque
809 1979 901 2055 ejicio.

7 2126 8 2151 ,
116 2077 163 2135 Ita
189 2095 334 2151 assequor,
361 2087 393 2133 ut
420 2074 476 2132 sliu
509 2085 637 2150 tempure
670 2075 806 2151 cogitem,
833 2073 902 2149 quid

117 2174 223 2244 dicum,
238 2183 267 2230 et
281 2172 338 2230 aiio
351 2171 463 2228 dicam:
484 2188 548 2245 qum
562 2169 619 2227 duo
633 2170 761 2245 plerique
784 2171 901 2247 ingenio

117 2270 193 2341 freti,
211 2268 295 2329 simul
316 2267 442 2324 iaciunt:
462 2265 513 2322 scd
535 2275 612 2324 certe
633 2266 720 2324 iidem
740 2265 781 2324 iili
801 2267 903 2323 melius
916 2273 948 2324 2⁰

118 2365 265 2440 eliquanto
301 2363 442 2432 dicerent,
477 2361 502 2418 si
537 2361 612 2419 uliud
647 2361 816 2419 sumendum
849 2350 927 2420 sibi'

116 2472 230 2538 tempus
251 2460 287 2520 sd
305 2458 499 2537 cogitandum,
523 2457 600 2514 uliud
623 2458 659 2516 ad
680 2457 835 2516 dicendum
854 2477 905 2534 pu·

116 2567 220 2616 tutent.

157 2655 233 2712 Cum
253 2671 313 2710 rem
333 2650 448 2729 penitus
468 2669 641 2726 causamque
662 2651 794 2728 cognovi,
808 2652 904 2710 statim

116 2749 246 2809 occurrit
266 2749 372 2817 auimo,
394 2767 456 2823 quie
475 2747 513 2805 sit
533 2765 621 2804 causa
640 2747 775 2823 smbigui.
822 2747 903 2805 Nihil
916 2755 948 2804 25

116 2857 161 2905 est
174 2845 262 2917 enim,
277 2846 351 2920 quod
366 2845 440 2902 inter
459 2843 591 2900 homines
612 2842 781 2920 ambigatur,
796 2843 855 2901 sive
869 2863 905 2901 ex

116 2944 239 3003 crimine
272 2960 360 3000 causa
392 2949 513 3013 constet,
542 2950 573 2996 ut
600 2939 745 3006 facinoris,
777 2939 837 2996 sive
868 2957 905 2997 ex

7 3118 8 3129 ἵ
116 3038 324 3112 coutroversid,
333 3048 366 3097 ut
378 3035 555 3110 hereditatis,
566 3034 625 3094 sive
638 3053 675 3094 cx
687 3035 904 3108 deliberatione,
