2109 3417
136 308 216 370 unq
418 308 461 357 os
483 308 646 356 onsnonn.
871 274 873 281 ¹
929 300 966 358 15

136 476 209 532 rum,
224 460 316 518 abste
330 458 393 536 ipso
406 469 669 531 commemoratam,
684 456 844 517 doctrinam
858 474 922 516 csse

136 572 195 613 nou
228 556 402 614 mediocrem
435 566 513 632 puto.
568 555 668 630 Atqui,
697 555 720 612 si
748 555 788 613 ita
815 554 920 631 placet,

136 650 227 727 idquit
247 652 402 723 Antonius,
416 652 561 710 trademus
581 652 677 722 etiam,
691 669 753 726 que
773 669 827 707 nos
840 650 921 725 sequi

136 747 165 804 in
185 748 318 819 dicendo,
335 767 454 823 queque
473 748 598 805 maxime
618 757 757 823 spectare,
778 748 919 804 solemus:

135 844 233 901 docuit
252 844 329 902 enirn
347 845 405 920 jam
426 862 481 901 nos
500 844 586 920 longa
603 843 662 901 vita
681 861 806 917 ususque
825 852 950 901 rerum5

135 941 331 1012 maximarum,
355 952 396 1012 ut,
421 941 525 1015 quibus
548 940 634 997 rebus
657 939 745 997 animi
772 938 920 996 hominum

133 1048 324 1110 moverentur,
338 1047 510 1095 teneremus.

173 1228 221 1288 LI.
253 1230 394 1306 Equidem
408 1231 532 1307 primum
553 1231 736 1289 considerare
753 1232 842 1302 soleo,
856 1248 921 1305 pos·

132 1326 242 1384 tuletne
260 1346 364 1385 causa:
384 1346 451 1385 nam
471 1346 566 1402 neque
585 1327 679 1402 parvis
693 1327 722 1383 in
736 1327 821 1383 rebus
842 1326 920 1383 adhi-

133 1424 234 1481 bendae
248 1434 315 1481 sunt
328 1425 372 1481 hae
385 1424 502 1481 dicendi
522 1424 611 1494 faces,
625 1441 719 1498 neque
733 1422 774 1481 ita
788 1422 919 1480 animatis
934 1434 964 1483 10

134 1509 308 1592 homiuibus,
328 1531 360 1577 ut
380 1520 452 1577 nihil
474 1520 509 1577 ad
529 1538 630 1576 eorum
654 1528 764 1575 mentes
790 1520 919 1576 oratione

133 1616 290 1674 flectendas
309 1617 449 1692 proficere
474 1616 631 1691 possimus;
660 1632 697 1671 ne
719 1625 766 1671 aut
787 1614 919 1671 irrisione

134 1722 183 1770 aut
196 1712 262 1770 odio
275 1712 355 1789 digni
368 1720 511 1786 putemur,
526 1710 551 1767 si
566 1719 614 1767 aut
628 1709 781 1785 tragoedias
802 1726 919 1785 agamus

133 1809 163 1866 in
177 1810 272 1885 nugis,
288 1819 336 1865 aut
356 1808 517 1865 convellere
539 1805 702 1864 adoriamur
722 1824 765 1877 ea,
781 1824 843 1881 quae
861 1822 919 1862 nou

131 1906 241 1981 possint
267 1904 449 1963 commoveri.
499 1903 587 1975 Nam,
608 1904 744 1979 quoniam
772 1903 834 1959 haec
860 1902 919 1959 sore
934 1913 964 1962 15

131 2002 255 2058 maxime
269 2012 336 2058 sunt
350 2002 379 2058 in
391 1997 521 2077 judicum
541 2001 644 2057 animis
659 2000 732 2077 (aut,
747 2000 919 2075 quicumque

132 2097 174 2154 illi
189 2108 282 2168 eruut,
298 2098 371 2172 apud
386 2116 459 2172 quos
473 2100 604 2176 agemus)
619 2097 749 2153 oratione
764 2096 917 2166 molienda,

129 2212 222 2264 amor,
242 2194 350 2264 odium,
379 2194 538 2264 iracundia,
567 2193 682 2264 invidia,
710 2192 917 2263 misericordia,

130 2308 207 2364 spes,
220 2290 327 2362 laetitia,
345 2290 441 2359 timor,
463 2290 610 2358 molestia3
632 2290 771 2347 sentimus
792 2308 917 2346 amorem

128 2385 293 2456 conciliari,
313 2386 338 2442 si
365 2385 395 2442 id
422 2386 547 2456 videare,
574 2384 651 2460 quod
678 2384 714 2441 sit
741 2385 812 2442 utile
839 2385 964 2460 ipsiquo

132 2480 207 2554 apud
232 2498 303 2554 quos
327 2500 403 2557 agas,
428 2480 599 2549 defendere;
634 2480 657 2536 si
683 2490 730 2537 aut
756 2500 809 2555 pro
836 2481 918 2538 bonis

130 2575 209 2646 viris,
225 2586 274 2632 aut
294 2588 372 2633 certe
391 2595 444 2651 pro
465 2577 500 2633 iis
518 2577 567 2651 qui
582 2577 638 2634 illis
653 2577 721 2633 boni
736 2587 819 2651 atque
834 2578 918 2635 utiles

128 2673 198 2745 sint,
219 2672 365 2731 laborare:
388 2667 511 2746 namque
532 2674 593 2730 haec
613 2692 659 2731 res
680 2692 805 2730 amorem
827 2674 918 2751 magis

129 2769 278 2839 conciliat,
300 2769 348 2826 iila
367 2768 480 2826 virtutis
498 2769 629 2826 defensio
652 2770 816 2840 caritatem3
845 2771 919 2845 plus·

128 2886 186 2943 que
208 2865 331 2942 proficit,
346 2866 371 2922 si
384 2864 550 2941 proponitur
571 2884 635 2941 spes
655 2865 785 2923 utilitatis
806 2866 916 2937 futurae,
932 2877 963 2927 25

126 2982 215 3039 quam
242 2962 378 3040 praeteriti
405 2962 540 3020 beneficii
565 2962 807 3022 commemoratio.
849 2961 918 3018 Eni-

128 3059 249 3121 tendum
262 3069 316 3133 est,
330 3068 362 3117 ut
370 3060 518 3131 ostendas,
533 3058 564 3118 iu
578 3058 614 3115 ed
627 3076 659 3116 re
672 3076 757 3133 quam
770 3056 915 3129 defendas,
