2109 3417
127 293 221 385 rim]
411 325 455 371 ns
477 322 642 373 onerosa.
904 316 960 376 111

123 475 178 549 qui
204 474 410 546 Xenocratem,
434 472 554 533 Polemo
580 484 610 533 et
636 474 760 533 Crantor
783 475 855 533 nihil
881 476 916 533 ab

128 571 302 641 Aristotele,
318 572 367 646 qui
386 572 445 643 und
467 573 596 629 audierat
619 572 779 644 Platonem,
800 590 916 649 magno-

128 685 198 743 pere
211 667 348 741 dissensit
354 679 367 728 ι·
383 667 610 742 copiasort‘asse,
625 678 654 725 et
665 669 803 739 ¹varietate
820 668 918 726 dicen·

129 763 169 834 di,
188 782 272 838 pares
292 754 350 821 non
371 764 494 821 fuerunt.
547 747 693 822 Arcesilas
712 751 917 839 primumdui

127 859 312 917 Polemonem
341 860 479 930 audierat,
500 878 536 917 ex
560 860 645 917 variis
672 861 799 919 Platonis
825 861 947 933 libris‚5

128 955 364 1031 sermonibusque
385 955 552 1026 Socraticis,
567 955 624 1013 hoc
644 957 766 1013 maxime
788 957 915 1032 arripuit,

127 1052 199 1109 nihil
220 1070 284 1108 esse
304 1052 386 1122 certi,
407 1052 484 1126 quod
509 1060 557 1109 aut
585 1053 716 1110 sensibus
744 1063 792 1111 aut
820 1055 916 1111 animo

124 1150 237 1225 percipi
256 1151 366 1226 possit:
399 1170 484 1226 quem
518 1150 622 1222 serunt,
654 1151 759 1208 eximio
792 1152 916 1227 quodam

127 1265 212 1305 usum
244 1246 342 1321 lepore
368 1246 494 1317 dicendi,
523 1257 704 1321 aspernatum
734 1266 797 1317 esse
830 1267 916 1305 omne

119 1342 217 1400 animi
228 1343 388 1417 sensusque
396 1342 549 1417 judicium,
560 1342 739 1417 primuinque
750 1330 916 1416 instituisse,
932 1346 962 1395 10

128 1437 304 1514 (quanquam
331 1438 361 1495 id
388 1438 442 1494 fuit
468 1437 649 1495 Socraticum
683 1439 820 1516 maxime)
848 1458 915 1511 non,

118 1534 198 1610 vquid
225 1535 285 1610 ipse
310 1534 439 1604 sentiret,
467 1534 636 1602 ostendere3
671 1532 722 1589 sed
749 1545 849 1591 contra
876 1536 915 1611 id,

126 1629 205 1705 quod
219 1630 384 1710 quisquese
397 1628 503 1685 sentire
516 1628 644 1698 dixisset,
659 1626 812 1711 disputare.
855 1702 857 1707 Ι
904 1704 906 1709 Α

169 1719 249 1783 Hinc
269 1725 332 1782 haec
354 1724 498 1782 recentior
524 1723 685 1781 Academia
711 1724 863 1795 emanavit,
885 1723 915 1781 in

126 1821 186 1898 qud
211 1822 318 1879 exstitit
343 1821 442 1879 divinia
467 1820 590 1895 quddam
625 1820 772 1877 celeritate
806 1820 915 1897 ingenii
931 1824 962 1875 15

127 1918 302 1993 dicendique
328 1918 412 1994 copiti
442 1917 622 1987 Carneades;
657 1917 739 1992 cujus
772 1936 827 1993 ego
860 1918 914 1975 etsi

127 2016 234 2073 multos
254 2014 398 2073 auditores
417 2013 542 2091 cognovi
570 2014 701 2085 Athenis,
727 2024 823 2071 tamen
849 2033 915 2073 auc·

124 2123 205 2170 tores
231 2112 406 2169 certissimos
431 2111 548 2168 laudare
573 2128 700 2185 possum,
728 2120 757 2168 et
782 2130 915 2171 socerum

127 2228 223 2266 meum
238 2208 406 2278 Scaevolam,
420 2207 470 2282 qui
483 2226 550 2264 eum
564 2207 665 2265 Roma
682 2207 788 2265 audivit
808 2208 915 2265 adoles·

127 2323 208 2375 cens,
235 2315 264 2361 et
295 2304 336 2365 Q.
364 2303 524 2373 Metellum,
556 2302 589 2360 L.
618 2302 718 2373 filium,
746 2303 913 2362 familiarem
929 2315 961 2365 w

127 2418 235 2470 meum,
256 2400 445 2456 clarissimum
466 2399 568 2471 virum,
589 2399 638 2473 qui
659 2399 739 2455 illum
761 2419 778 2457 a
797 2420 827 2457 se
849 2401 915 2459 adc-

126 2496 255 2553 lescente
268 2495 401 2565 Athenis,
413 2494 472 2570 jam
487 2495 619 2559 affectum
637 2505 795 2571 senectute,
810 2495 914 2555 multos

126 2592 191 2649 dies
205 2591 332 2648 auditum
347 2608 409 2647 esse
422 2591 547 2648 dicebat.

122 2821 125 2827 -
166 2782 252 2841 XIX.
283 2782 358 2839 Haec
372 2792 477 2853 autem,
491 2792 524 2841 ut
538 2797 572 2840 ex
585 2784 741 2859 Apennino
753 2784 912 2857 fluminum,

125 2882 171 2941 sic
184 2900 221 2938 ex
234 2879 381 2937 communi
401 2879 571 2955 sapientium
589 2881 670 2957 jugo,
685 2892 751 2939 sunt
771 2881 914 2941 doctrina·
928 2896 960 2946 25

126 2985 191 3037 rum
218 2977 294 3035 facta
320 2976 449 3050 divortia,
469 2986 502 3034 ut
527 2977 699 3054 philosophi,
721 2978 856 3053 tanquam
883 2978 914 3037 in

126 3094 261 3153 superum
275 3092 354 3133 mare
374 3074 490 3134 Ionium
501 3073 669 3147 defluerent,
680 3076 816 3134 Graecum
825 3074 914 3150 quod·
