2109 3417
9 365 10 370 ,
101 315 195 375 nur]
385 318 429 365 nn
449 317 612 371 effluens.
875 307 933 367 iffi

132 464 148 491 “
158 463 242 519 Quem
251 462 332 525 lepide
342 462 420 513 lexeis
431 467 579 527 compostae!
596 470 625 513 ut
637 465 764 515 tesserulae
774 478 861 515 omues
877 442 879 447 ,

157 542 252 634 [Eudo]
265 544 415 607 pavimento,
426 551 498 607 atque
509 545 656 594 emblemate
668 545 854 595 vermiculuw.''

101 676 179 737 Qun
199 696 265 734 eum
289 677 406 735 dixisset
425 678 455 736 iu
475 678 632 739 Albucium
660 679 791 757 illudens,
812 700 849 738 ne
870 700 887 739 a

9 831 10 838 χ
101 791 149 830 nie
162 773 276 848 quidem
291 774 444 833 abstinuit:

133 894 149 934 3‘
158 904 274 952 Crassum
285 904 363 952 habeo
373 920 503 969 generum,
513 919 546 953 ne
561 905 743 955 rhetoricotero’
755 912 783 955 tu
794 906 853 955 sis.’'
899 898 915 951 ὅ

99 1039 181 1102 Quid
195 1041 284 1117 ergo?
305 1039 358 1098 iste
378 1040 509 1112 Crassus,
519 1041 657 1115 ¹quoniam
678 1042 739 1118 ejus
760 1042 885 1101 abuteris

9 1127 10 1158 r
100 1136 226 1209 nomine,
247 1136 314 1211 quid
335 1136 442 1194 efficitl
462 1136 538 1194 idem
560 1136 629 1196 illud
649 1138 770 1211 seilicet,
785 1149 816 1197 ur
836 1140 885 1197 ille

99 1232 200 1301 voluit,
220 1242 250 1288 et
276 1250 331 1308 ego
357 1232 470 1321 pellem,
493 1233 597 1289 melius
625 1233 778 1307 aliquanto,
800 1254 885 1309 quem

9 1325 10 1338 ¹
100 1326 260 1383 Albucius:
287 1344 385 1384 verum
408 1327 439 1384 in
466 1345 514 1383 me
540 1327 655 1402 quidem
681 1328 749 1386 lusit
775 1330 832 1401 ille,
853 1340 885 1387 ut
924 1322 927 1327 ¹

9 1405 10 1448 1
100 1421 181 1478 solet.
222 1421 280 1477 Sed
291 1431 439 1478 esttamen
451 1421 513 1479 haec
527 1421 680 1479 collocatio
691 1423 885 1483 conservanda
899 1439 930 1489 10

9 1523 10 1534 ³
100 1516 260 1587 verborum,
272 1516 308 1572 de
321 1516 377 1591 quai
390 1515 500 1591 loquor,
512 1535 575 1590 quae
585 1516 714 1591 junctam
727 1518 885 1579 orationem

9 1617 10 1648 ³
100 1610 198 1681 efficit,
213 1628 275 1683 que
295 1610 494 1684 coherentem,
509 1629 572 1684 que
592 1610 696 1683 lenem,
710 1629 772 1686 que
793 1631 884 1687 sequu-

9 1713 10 1742 ἢ
99 1706 193 1786 biliter
208 1705 353 1763 fluentem.
392 1704 426 1762 Id
442 1706 641 1780 assequemini,
656 1706 885 1765 siverbaextre·

9 1825 10 1842 i
99 1822 147 1860 ma
161 1821 227 1869 curn
242 1802 483 1877 consequentibus
496 1802 595 1877 primis
609 1802 649 1859 ita
658 1802 794 1880 jungeris,
806 1813 838 1861 ut
846 1822 885 1862 ne

100 1917 199 1975 aspere
213 1910 398 1970 concurrant,
411 1917 483 1956 neve
497 1897 603 1978 vastius
617 1898 797 1958 diducuntur.
898 1914 930 1965 15

138 2090 246 2150 XLIV.
267 2090 354 2174 Hauc
377 2090 556 2167 diligentiam
579 2090 759 2167 subsequitur
782 2096 884 2151 modus

99 2188 186 2245 etiam
206 2198 235 2245 et
255 2186 345 2245 forma
363 2188 524 2258 verborum,
542 2187 627 2261 quod,
645 2186 704 2263 jam
723 2206 832 2260 vereor,
846 2207 884 2248 ne
955 2204 958 2209 ·

98 2284 168 2341 huic
181 2283 285 2341 Catulo
299 2282 428 2341 videntur
442 2301 505 2339 esse
520 2282 637 2357 puerile.
678 2283 786 2341 Versus
806 2284 883 2343 enirn

98 2389 208 2435 veteres
228 2378 269 2436 illi
289 2379 319 2435 in
339 2379 394 2435 bac
408 2377 502 2435 soluti
521 2377 648 2437 oratioue
668 2380 883 2454 propemodum,

98 2478 155 2533 boc
175 2483 227 2545 est,
246 2492 381 2531 numeros
399 2474 548 2549 quosdam,
562 2474 646 2531 nobis
665 2492 728 2531 esse
749 2474 884 2535 adhiben·
896 2483 929 2533 2⁰

99 2572 152 2627 dos
171 2579 350 2645 putaverunt.
391 2570 635 2647 Interspirntionis
654 2571 741 2641 enim,
757 2590 816 2630 nou
836 2570 885 2629 de-

100 2665 275 2741 fatigationis
294 2675 407 2736 nostre,
421 2684 514 2740 neque
535 2666 713 2724 librariorum
734 2667 819 2739 uotis,
832 2667 886 2725 sed

98 2763 249 2820 verborum
275 2771 305 2817 et
331 2760 536 2818 sententiarum
565 2762 661 2832 niodo,
688 2762 883 2838 interpunctas

98 2858 242 2916 clausulas
262 2856 291 2913 in
312 2856 489 2913 orationibus
516 2875 579 2915 esse
602 2857 767 2915 voluerunt:
796 2857 882 2931 idque

96 2954 231 3029 princeps
247 2951 388 3009 Isocrates
408 2951 566 3009 instituisse
585 2951 688 3023 fertur;
710 2965 741 3011 ut
755 2952 882 3011 ineundi·
895 2966 927 3015 25

98 3060 157 3107 tarn
177 3049 358 3127 antiquorum
377 3047 494 3107 dicendi
520 3050 769 3123 cousuetudinem,
790 3048 883 3109 delec·
