2109 3417
438 306 481 353 na
503 305 668 355 carrona.
880 295 951 368 [nr.

162 448 306 510 videretur
331 471 394 510 esse
417 454 558 529 judicum.
598 456 682 518 Quin
710 455 807 539 etiem,
829 475 896 514 curn
922 455 950 514 ei

163 547 298 624 scriptam
318 551 478 609 orationem
499 553 702 611 disertissimus
725 563 822 611 orator
849 537 950 629 Lysias

163 647 312 719 attulisset,
327 668 421 724 quarn,
436 651 460 707 si
480 650 508 708 ei
528 651 681 724 videretur,
697 653 848 724 edisceret,
863 663 895 711 ut
914 652 950 710 ed

162 761 215 817 pro
235 763 266 800 se
286 744 315 802 in
333 746 446 822 judicio
467 757 680 819 uteretur,'non
702 749 807 807 invitus
827 749 907 827 legit,
921 759 951 806 et

131 842 312 898 beornmodo
333 843 467 918 scriptam
488 864 550 902 esse
567 845 654 902 dixit:
676 846 735 916 sed,
752 846 853 921 inquit,
869 856 910 918 ut,
925 845 951 904 si

162 936 233 993 mihi
261 938 376 996 calceos
404 941 555 1015 Sicyonios
584 942 735 1012 attulisses,
758 961 816 999 non
844 953 950 1014 uterer,

162 1035 291 1108 quamvis
315 1047 410 1092 essent
434 1037 544 1094 habiles
566 1049 594 1094 et
616 1039 672 1116 apti
694 1039 728 1096 ad
749 1039 861 1114 pedem,
883 1038 951 1114 quia

162 1149 221 1186 non
236 1142 332 1188 essent
346 1133 457 1202 viriles3
479 1134 521 1190 sic
543 1135 621 1191 illam
642 1135 800 1192 orationem
815 1135 951 1193 disertam

163 1227 217 1283 sibi
239 1239 267 1285 et
287 1229 438 1287 oratoriam
466 1230 565 1302 videri,
588 1231 689 1290 fortem
711 1242 739 1289 et
759 1229 869 1289 virilem
892 1250 950 1291 non

118 1323 262 1385 invideri.
304 1325 383 1402 Ergo
403 1326 451 1384 ille
471 1346 583 1402 optoque
605 1327 755 1386 damnatus
775 1339 834 1386 est:
856 1347 951 1404 neque

163 1419 255 1476 solnm
279 1419 379 1495 primis
403 1414 562 1494 sententiis,
584 1423 687 1498 quibus
711 1433 821 1481 tantum
845 1434 951 1482 statue·

163 1513 233 1572 hant
263 1514 386 1590 judices,
413 1515 592 1589 damnarent,
621 1537 656 1575 an
685 1518 870 1590 absolverent,
899 1516 951 1576 sed

163 1610 250 1668 etiarn
270 1611 336 1683 illis,
358 1632 429 1687 quas
448 1611 551 1670 iterum
572 1611 684 1690 legibus
704 1614 777 1672 serre
798 1614 950 1673 debebant.
1049 1647 1050 1652 κ

163 1707 235 1765 Erat
254 1709 331 1766 euim
352 1709 485 1782 Athenis,
499 1729 550 1767 reo
570 1709 715 1782 damnato,
733 1712 757 1769 si
777 1711 854 1770 fraus
875 1712 952 1788 capi·

118 1805 230 1870 taralis
249 1815 308 1863 no'n
329 1816 414 1878 esset,
435 1806 516 1881 quasi
542 1827 633 1884 poenae
654 1797 820 1866 aestimatio':
839 1817 869 1866 et
888 1827 952 1866 sen·

163 1903 255 1960 tentia
288 1923 355 1960 cum
385 1903 532 1980 judicibus
564 1903 690 1975 daretur,
724 1904 952 1982 interrogabatur

164 2017 240 2069 reus,
255 2017 341 2073 quarn
361 1999 440 2075 quasi
461 1999 681 2057 estimationem
702 2000 905 2058 commeruisse
919 2019 952 2059 sc

165 2095 287 2151 maxime
315 2095 515 2166 confiteretur;
550 2097 627 2170 quod
661 2115 726 2154 curn
761 2097 952 2174 interrogatus

166 2191 300 2248 Socrates
320 2201 404 2262 esset,
426 2192 582 2266 respondit,
602 2211 666 2250 sese
688 2191 834 2264 meruisse,
849 2203 880 2250 ut
894 2211 953 2250 am·

116 2306 149 2356 ω
164 2285 299 2363 plissimis
320 2287 477 2345 honoribus
490 2298 519 2344 et
532 2289 657 2364 praemiis
676 2289 866 2361 decoraretur,
881 2299 909 2368 et
924 2288 952 2347 ei

165 2383 260 2440 victus
278 2383 463 2458 quotidianus
482 2383 511 2441 in
531 2385 672 2460 Prytaneo
686 2385 801 2460 publice
814 2386 954 2460 praebere·

164 2491 227 2549 tur;
247 2481 296 2556 qui
318 2481 410 2537 honos
430 2481 504 2556 apud
525 2481 644 2538 Graecos
665 2481 804 2538 maximus
822 2482 951 2540 habetur.

166 2576 257 2652 Cujus
276 2596 412 2652 responso
433 2577 475 2634 sic
488 2577 602 2654 judices
616 2588 791 2648 exarserunt,
805 2588 836 2635 ut
850 2578 953 2656 capitis
1049 2643 1050 2660 χ

165 2672 311 2730 hominem
339 2673 605 2731 innocentissimum
636 2673 876 2732 condemnarent:
903 2674 953 2749 qui

117 2791 150 2842 25
165 2767 281 2844 quidem
307 2769 332 2826 si
352 2768 507 2826 'absolutus
541 2779 616 2826 esset
650 2768 749 2846 (quod,
778 2769 951 2840 mehercule,

166 2864 278 2922 etiamsi
292 2865 364 2923 nihil
379 2866 413 2923 ad
427 2883 480 2923 nos
493 2865 627 2941 pertinet,
642 2876 738 2922 tamen
758 2876 871 2943 propter
891 2864 953 2941 ejus

166 2960 275 3039 ingenii
304 2962 532 3040 magnitudinem
559 2961 686 3040 vellem),
714 2979 838 3038 quonam
866 2961 959 3022 modo.

166 3057 237 3117 istos
249 3057 435 3138 philosophos
455 3058 529 3117 ferre
546 3077 704 3135 possemus,
720 3055 768 3134 qui
781 3075 871 3131 nunc,
886 3077 957 3122 curn
