2109 3417
116 264 155 323 ⁷0
437 278 481 325 nn
504 278 667 327 onerose
876 276 915 337 [n
926 276 947 323 r.

159 440 222 481 esse
242 422 327 496 lilius,
348 442 433 500 quem
453 436 534 502 pater
554 436 725 486 testamento
745 442 839 499 neque
866 424 948 481 here-

160 518 225 577 dem
239 538 332 596 neque
347 522 517 579 exheredem
532 523 692 598 scripsisset
707 518 917 578 nominatinrl'

199 715 346 775 XXXIX.
367 716 469 778 Quidl
491 717 547 792 quai
561 717 598 773 de
612 736 643 773 re
657 717 730 773 inter
747 715 903 773 Marcellos
917 726 947 773 et

160 811 298 869 Claudios
320 814 457 888 patricios
485 815 655 870 centumviri
679 814 855 889 judicarunt,
877 832 946 870 cum

130 906 292 966 5Marcelli
313 910 348 966 ab
368 910 463 966 liberti
484 910 544 966 filio
568 910 665 985 stirpe,
687 910 803 966 Claudii
829 910 946 985 patricii

159 1005 286 1081 ejusdem
326 1006 452 1063 hominis
489 1006 676 1063 hereditatem
716 1016 803 1083 gente
840 1006 874 1063 ad
913 1024 946 1062 se

159 1101 277 1158 rediisse
298 1094 443 1172 diceren't;
465 1121 562 1159 nonne
577 1102 607 1159 in
621 1102 656 1159 eti
670 1104 757 1160 causis
772 1102 825 1159 suit
838 1112 947 1159 orator·

159 1197 223 1255 ibus
244 1198 279 1254 de
299 1209 359 1255 toto
379 1198 475 1274 stirpis
505 1218 539 1256 ac
567 1199 737 1276 gentilitatis
760 1199 825 1275 jure
848 1199 946 1255 dicen-

159 1293 246 1351 duml
285 1294 387 1357 Quidt
408 1296 482 1370 quod
497 1296 566 1353 item
581 1295 610 1352 in
625 1296 822 1353 centumvirali
834 1295 945 1371 judicio

115 1394 297 1451 lacertarum
325 1409 388 1449 esse
416 1393 589 1467 accepimus,
612 1393 661 1467 qui
688 1392 813 1449 Romam
841 1391 946 1448 inex·

158 1486 252 1544 silium
267 1487 401 1559 venisset,
416 1488 464 1544 cui
485 1488 589 1545 Romae
609 1488 739 1545 exsulare
756 1488 803 1563 jus
819 1498 904 1558 esset,
919 1487 943 1544 si

159 1602 190 1639 se
224 1582 259 1639 ad
294 1582 415 1658 aliquem
447 1584 527 1658 quasi
555 1595 705 1659 patronum
734 1584 942 1658 applicavisset,

159 1678 350 1755 intestatoque
371 1694 446 1740 esset
467 1692 611 1749 mortuus;
633 1680 650 1712 ¹*
672 1679 689 1713 ⁴
711 1680 727 1713 ⁴¹
750 1700 845 1736 nonne
864 1680 894 1736 in
908 1681 942 1736 ed

159 1776 247 1834 causi
265 1777 311 1853 jus
333 1776 539 1853 applicationis,
554 1778 708 1834 obscurum
729 1795 798 1832 sane
817 1788 846 1833 et
865 1776 943 1852 igno·

113 1878 144 1928 15
158 1882 230 1945 tum,-
258 1873 431 1949 patesactum
459 1874 489 1930 in
513 1872 625 1949 judicio
652 1882 737 1947 atque
771 1871 942 1929 illustratum

158 1979 202 2026 est
230 1988 247 2026 a
272 1971 411 2045 patronol
463 1968 567 2030 Quidl
599 1987 700 2044 nuper,
728 1987 795 2025 cum
825 1987 881 2046 ego
907 1967 943 2026 C.
1046 2021 1047 2042 ,

159 2064 254 2141 Sergii
275 2065 392 2121 Auratae
413 2074 512 2121 contra
533 2064 611 2120 hunc
632 2074 760 2120 nostrum
782 2064 943 2122 Antonium

155 2160 266 2236 judicio
283 2160 393 2235 privato
413 2178 528 2216 causam
550 2160 742 2231 defenderem,
762 2178 859 2217 nonne
885 2178 944 2216 om·
1046 2149 1047 2154 ἵ

158 2256 204 2313 nis
224 2265 320 2312 nostra
340 2255 369 2312 in
386 2255 450 2332 jure
471 2265 583 2313 versata
602 2255 732 2313 defensio
752 2258 815 2314 estl
867 2256 942 2313 Cum

112 2358 144 2408 20
159 2352 236 2409 enim
263 2350 373 2408 Marius
399 2350 586 2407 Gratidianus
612 2351 688 2408 redes
709 2353 826 2409 Auratae
847 2353 943 2409 vendi·

159 2448 256 2519 disset,
284 2466 376 2523 neque
403 2447 508 2503 servire
536 2448 677 2522 quandam
707 2466 805 2505 earum
839 2449 943 2506 aedium

158 2555 268 2621 partem
301 2544 329 2600 in
358 2543 493 2619 mancipii
520 2544 584 2620 lege
612 2544 744 2613 dixisset;
772 2545 944 2603 defendeba-

158 2660 232 2711 mus,
255 2639 392 2717 quidquid
416 2640 516 2696 fuisset
541 2640 714 2698 incommodi
739 2641 767 2697 in
790 2642 941 2717 mancipio,

159 2738 188 2795 id
208 2737 233 2795 si
253 2736 384 2794 venditor
411 2735 522 2807 scisset,
550 2756 644 2811 neque
671 2737 853 2808 declarasset,
874 2756 943 2811 prae·

113 2841 233 2893 asstare
253 2834 366 2890 debere.
407 2832 477 2894 Quo
497 2832 612 2909 quidem
627 2834 657 2889 in
670 2852 776 2909 genere
794 2833 941 2889 familiaris

159 2941 255 2991 noster
267 2928 317 3007 Μ.
333 2928 516 3001 Bucculeius‚
532 2929 618 2985 homo
638 2947 730 3005 neque
750 2946 815 2985 meo
830 2926 941 3002 judicio
