2109 3417
147 283 245 383 'amq
434 323 478 372 ne
498 322 662 371 carrona.
943 312 983 373 87

151 469 223 542 lum,
246 469 338 529 virum
363 470 442 529 omni
469 472 554 530 laude
576 482 767 548 praestantem,
792 489 858 529 cum
881 470 937 529 sibi

152 584 213 625 non
225 565 399 625 incolumem
413 567 567 639 somonam,
581 568 632 625 sed
652 568 783 627 exsilium
797 578 825 627 et
839 568 936 644 fugam

152 662 363 737 deprecaretur,
390 681 454 721 esse
486 673 630 735 coactum,
658 674 690 722 ut
721 664 780 721 viu
812 682 844 721 se
875 663 937 739 ipse

144 757 284 833 ¹privarat.
324 757 391 815 Jam
411 756 453 817 M.
477 758 599 817 Antonii
620 759 651 817 in
671 758 716 817 his
736 759 804 835 ipsis
827 759 935 829 rostris,

152 850 184 911 in
197 853 300 927 qnibns
313 853 362 911 ille
374 854 581 929 rempublicam
595 854 823 913 constantissime
838 854 935 913 consul
950 862 967 910 5

150 946 327 1019 defenderat,
341 966 462 1023 quaeque
476 967 577 1007 censor
591 949 781 1025 imperatoriis
794 949 937 1023 manubiis

150 1043 277 1114 ornirat,
296 1044 421 1119 positum
442 1057 529 1119 caput
555 1044 626 1103 illud
650 1043 716 1116 ¹suit,
738 1063 830 1121 aquo
855 1055 937 1103 erant

149 1138 306 1213 multorum
326 1139 433 1197 civium
452 1140 553 1215 capita.
574 1151 692 1199 servata
745 1141 849 1216 Neque
869 1158 936 1199 vero

148 1229 238 1312 lunge
264 1235 300 1293 ab
327 1253 363 1293 eo
389 1235 424 1300 C.
452 1235 523 1294 Julii
551 1247 647 1311 caput,
674 1237 794 1314 hospitis
809 1236 935 1297 Etrusci
1010 1252 1015 1257 '

151 1330 261 1388 scelere
285 1330 440 1406 proditum,
467 1349 536 1388 cnm
563 1331 596 1389 L.
624 1331 695 1389 Julii
722 1332 816 1390 fratris
842 1334 936 1410 capite
951 1340 982 1389 10

148 1424 251 1503 jacuit,
265 1435 297 1483 nt
316 1425 375 1496 ille,
388 1425 438 1501 qui
457 1425 520 1483 hec
538 1444 597 1486 non
618 1426 698 1498 vidit,
711 1437 741 1485 at
753 1428 856 1485 vixisse
869 1448 936 1486 cum

143 1521 301 1597 ⁴republict
325 1521 442 1597 pariter,
461 1531 491 1579 ct
510 1540 578 1579 cum
598 1521 648 1579 illu
668 1521 753 1581 simul
779 1524 937 1582 exstinctus

151 1635 216 1677 essa
236 1617 372 1675 rideatur.
412 1616 516 1692 Neque
537 1618 613 1675 enim
632 1617 823 1695 propinquum
842 1637 935 1692 suum,

151 1712 269 1772 maximi
289 1712 378 1772 animi
397 1713 500 1788 virum,
520 1713 553 1773 P.
567 1713 714 1786 Crassum,
730 1714 831 1791 suflpte
851 1714 937 1773 intar-

152 1808 261 1867 t'ectum
273 1828 370 1882 manu,
383 1827 478 1885 neque
491 1810 610 1886 college
624 1810 679 1882 sui,
692 1809 835 1887 pontificis
850 1811 938 1869 maxi·
951 1820 984 1869 15

151 1904 203 1977 mi,
216 1905 356 1983 sangnine
368 1905 553 1965 simulacrum
567 1906 663 1965 Vesta
683 1924 843 1983 respersum
863 1925 937 1980 esse,

150 2000 240 2060 vidit:
260 2000 308 2060 cui
327 2001 443 2059 masrori
463 2000 534 2078 (qui
561 2011 657 2060 mente
683 2001 732 2059 ille
759 2001 790 2059 in
814 2002 938 2079 patriam

152 2096 220 2176 fuit)
240 2096 327 2155 etiam
353 2096 388 2156 C.
409 2096 562 2169 Carbonis,
586 2096 777 2156 inimicissimi
802 2097 937 2171 hominis,

154 2194 255 2251 Mem
275 2193 325 2253 illo
344 2193 392 2251 die
411 2212 487 2274 mors
506 2193 617 2253 nefaria
636 2193 743 2253 suisset
784 2193 854 2253 Non
867 2194 938 2253 vidit

153 2306 253 2346 eorum
273 2288 409 2365 ipsorum,
427 2288 477 2363 qui
496 2299 558 2347 tum
579 2289 774 2348 adolescentes
787 2290 893 2349 Crasso
906 2309 938 2349 sc
951 2304 984 2353 2⁰

153 2382 294 2455 dicirant,
314 2382 466 2442 horribiles
485 2384 661 2459 miserosque
680 2402 772 2443 casus.
812 2384 859 2443 Ex
877 2387 938 2462 qui-

154 2478 209 2535 bus
234 2477 269 2537 C.
289 2478 385 2551 Gutta,
412 2498 498 2555 quem
524 2480 574 2537 ille
600 2479 747 2539 florentem
773 2481 937 2556 reliquerat,

153 2572 253 2650 paucis
272 2573 374 2633 diebus
392 2585 456 2650 post
476 2584 596 2633 mortem
617 2575 714 2635 Crassi
734 2576 868 2653 depulsus
886 2596 937 2655 per
959 2612 962 2617 ·

154 2667 292 2730 iuvidiam
307 2657 468 2742 tribunatu,
488 2689 548 2731 nun
568 2672 664 2730 multis
688 2672 724 2730 ab
750 2691 785 2731 eo
810 2682 938 2750 tempure

57 2814 63 2821 .
153 2765 301 2823 mensibus
322 2765 433 2842 ejectus
452 2776 496 2825 est
518 2785 536 2824 e
559 2768 682 2827 civitate.
724 2768 871 2845 Sulpicius
891 2788 939 2829 au·
951 2780 985 2831 tt

146 2872 221 2933 tam,
239 2860 289 2938 qui
309 2861 338 2919 in
359 2862 460 2921 eadem
480 2862 594 2923 invidie
614 2863 729 2932 flammi
749 2863 858 2936 luisset,
878 2865 938 2941 qui-

148 2957 274 3018 buscum
293 2956 420 3035 privatus
440 2958 676 3035 conjunctissime
696 2959 814 3031 vixerat,
835 2960 887 3017 hos
907 2960 937 3018 iu

147 3053 299 3121 ,tribunatu
318 3054 441 3133 spoliare
459 3055 586 3115 instituit
604 3054 683 3114 omni
706 3052 862 3134 dignitate:
888 3054 938 3113 cui
