2109 3417
127 316 208 375 nn]
407 312 635 361 naoaaronn.
935 304 956 363 a

124 464 255 541 judicum
278 475 432 539 permovet,
453 464 639 539 impellitque,
661 471 693 519 ut
713 472 761 519 aut
788 461 911 534 oderint,

128 570 178 617 aut
200 560 330 637 diligant,
355 571 403 617 aut
426 561 582 631 invideant,
608 572 656 618 aut
681 558 789 617 salvum
813 560 911 631 velint,

129 666 178 713 aut
198 667 333 728 metuant,
356 667 404 714 aut
425 666 549 732 sperent.
572 666 620 713 aut
647 657 774 732 cupiant,
796 665 844 713 aut
866 657 912 713 ab·

127 751 271 823 horreant,
287 763 336 811 aut
348 753 489 823 laetentur,
505 763 552 812 aut
574 763 721 823 moereant,
737 762 785 810 aut
799 752 913 809 misere·

128 852 223 919 antur,
236 858 285 905 aut
304 849 406 924 punire
427 849 524 919 velint,
541 859 589 906 aut
604 849 638 906 ad
653 868 703 906 eos
717 859 811 906 motus
826 850 913 919 addu-
927 858 943 907 5

127 956 238 1017 cantur,
255 945 280 1001 si
300 945 349 1020 qui
369 945 484 1004 finitimi
505 956 620 1002 suntet
641 946 792 1021 propinqui
813 946 857 1003 his
878 964 912 1003 ao

126 1040 231 1097 talibus
265 1040 353 1099 animi
386 1041 656 1117 perturbationibus.
712 1042 809 1116 Atque
842 1040 912 1099 illud

127 1137 283 1212 optandum
304 1147 348 1193 est
367 1138 484 1208 oratori,
506 1147 537 1194 ut
559 1138 681 1212 aliquam
704 1137 912 1213 permotionem

92 1236 94 1240 '
128 1232 288 1289 animorum
312 1234 364 1289 suti
387 1245 489 1308 sponte
512 1233 567 1312 ipsi
592 1234 711 1291 afferant
735 1234 769 1291 ad
797 1253 913 1291 causam

124 1328 247 1404 judices,
270 1328 303 1385 ad
326 1329 365 1400 id,
386 1330 462 1403 quod
483 1329 591 1387 utilitas
618 1330 738 1387 oratoris
765 1331 846 1401 feret,
863 1340 959 1391 vac-1⁰

127 1424 346 1482 commodatam.
389 1426 516 1483 Facilius
537 1435 580 1483 est
600 1426 676 1482 enirn
691 1436 852 1484 currentem
868 1426 914 1502 (ut

129 1520 221 1598 aiunt)
247 1521 377 1591 incitare,
398 1541 483 1595 quam
511 1540 693 1579 commovere
719 1522 912 1597 languentem.

128 1616 181 1673 Sin
205 1616 235 1673 id
259 1627 389 1674 autnon
412 1618 476 1687 erit,
498 1628 546 1675 aut
573 1617 628 1674 erit
654 1617 814 1687 obscurius,
840 1618 914 1675 sicut

127 1712 242 1770 medico
261 1713 403 1789 diligenti,
417 1713 581 1788 priusquam
603 1721 723 1769 conetur
744 1732 820 1789 aegro
837 1713 915 1770 adbi-

127 1808 195 1865 bere
221 1809 404 1878 medicinam,
428 1827 487 1865 non
515 1809 608 1865 solum
635 1809 750 1866 morbus
776 1808 838 1884 ejus
865 1808 912 1877 cui
930 1823 960 1871 15

126 1905 236 1963 mederi
262 1906 347 1977 volet,
376 1906 425 1961 sed
455 1905 541 1963 etiam
577 1907 756 1963 consuetudo
783 1886 912 1976 valentis,

126 2011 156 2058 et
176 2012 278 2059 natura
298 2002 435 2077 corporis,
457 2004 659 2079 cognoscenda
686 2014 744 2071 est;
773 2002 815 2060 sic
835 2002 914 2077 eqni-

126 2097 202 2169 dem,
224 2117 290 2155 cum
312 2098 463 2175 aggredior
485 2098 638 2173 ancipitem
666 2118 781 2156 causam
803 2109 832 2156 et
851 2117 914 2175 gra·

125 2213 199 2265 vem,
226 2194 262 2251 ad
290 2194 401 2252 animos
424 2194 556 2271 judicum
582 2196 807 2270 pertractandos,
835 2195 913 2252 omni

126 2301 223 2347 mente
256 2290 287 2347 in
320 2291 355 2348 eia
386 2292 562 2367 cogitatione
597 2292 722 2365 curaque
750 2310 854 2361 versor,
883 2302 913 2349 ut
929 2294 960 2343 2⁰

126 2385 240 2455 odoret,
255 2406 339 2461 quam
361 2388 544 2463 sagacissime
565 2389 681 2462 possim,
696 2388 764 2462 quid
779 2380 912 2459 sentiant,
976 2393 978 2397 ’

126 2481 196 2557 quid
222 2482 393 2554 existiment,
421 2484 490 2558 quid
517 2494 692 2559 exspectent,
721 2484 788 2559 quid
815 2484 913 2557 velint,

127 2596 185 2652 quo
205 2577 310 2636 deduci
331 2580 460 2637 oratione
487 2580 623 2639 facillime
649 2581 912 2655 possevideentur.

127 2674 161 2731 Si
184 2692 216 2731 se
239 2673 318 2745 dant,
339 2684 368 2732 et
392 2674 438 2751 (ut
462 2686 527 2732 aute
552 2676 624 2756 dixi)
648 2677 700 2733 sua
724 2689 834 2751 sponte,
857 2696 913 2753 quo

126 2769 310 2846 impellimus,
325 2770 466 2828 inclinant
486 2781 571 2846 atque
584 2772 778 2849 propendent;
801 2773 914 2849 accipio
928 2778 960 2827 25

126 2866 204 2942 quod
224 2869 317 2939 datur,
332 2867 410 2925 etad
425 2868 464 2940 id,
478 2868 556 2925 unde
577 2868 678 2944 aliquis
694 2869 777 2927 flatus
790 2870 913 2928 ostendi·

125 2974 183 3034 tur,
197 2964 261 3021 vela
273 2964 320 3022 do.
362 2964 417 3023 Sin
436 2975 480 3023 est
499 2965 611 3043 integer
630 2965 800 3041 quietusque
813 2966 911 3041 judex,

126 3060 191 3137 plus
210 3071 255 3120 est
274 3061 385 3140 operis:
405 3073 473 3121 sunt
491 3063 570 3122 enim
591 3062 688 3123 omnia
700 3062 825 3123 dicendo
837 3061 913 3119 exci-

364 3159 380 3217 1
392 3157 410 3194 0
