<?xml version="1.0" encoding="UTF-8"?>
<!DOCTYPE html PUBLIC "-//W3C//DTD XHTML 1.0 Transitional//EN"
    "http://www.w3.org/TR/xhtml1/DTD/xhtml1-transitional.dtd">
<html xmlns="http://www.w3.org/1999/xhtml" xml:lang="en" lang="en">
 <head>
  <title>
</title>
<meta http-equiv="Content-Type" content="text/html;charset=utf-8" />
  <meta name='ocr-system' content='tesseract 3.04.00' />
  <meta name='ocr-capabilities' content='ocr_page ocr_carea ocr_par ocr_line ocrx_word'/>
</head>
<body>
  <div class='ocr_page' id='page_1' title='image "./mtciceronisadqu00dillgoog_0385.png"; bbox 0 0 2109 3417; ppageno 0'>
   <div class='ocr_carea' id='block_1_1' title="bbox 16 311 941 405">
    <p class='ocr_par' dir='ltr' id='par_1_1' title="bbox 16 311 941 405">
     <span class='ocr_line' id='line_1_1' title="bbox 16 311 941 405; baseline 0.002 -35"><span class='ocrx_word' id='word_1_1' title='bbox 16 392 19 405; x_wconf 21' lang='grc' dir='ltr'>δ</span> <span class='ocrx_word' id='word_1_2' title='bbox 115 322 207 384; x_wconf 77' lang='lat' dir='ltr'><strong>nnn]</strong></span> <span class='ocrx_word' id='word_1_3' title='bbox 391 321 439 372; x_wconf 78' lang='lat' dir='ltr'><strong>ne</strong></span> <span class='ocrx_word' id='word_1_4' title='bbox 460 319 621 371; x_wconf 73' lang='lat' dir='ltr'><strong>cosman</strong></span> <span class='ocrx_word' id='word_1_5' title='bbox 884 311 941 372; x_wconf 79' lang='grc'><strong>157</strong></span> 
     </span>
    </p>
   </div>
   <div class='ocr_carea' id='block_1_2' title="bbox 115 468 895 642">
    <p class='ocr_par' dir='ltr' id='par_1_2' title="bbox 115 468 895 642">
     <span class='ocr_line' id='line_1_2' title="bbox 115 468 895 543; baseline -0.004 -15"><span class='ocrx_word' id='word_1_6' title='bbox 115 470 147 528; x_wconf 92' lang='lat' dir='ltr'><strong>in</strong></span> <span class='ocrx_word' id='word_1_7' title='bbox 166 469 241 528; x_wconf 87' lang='lat' dir='ltr'><strong>coelo</strong></span> <span class='ocrx_word' id='word_1_8' title='bbox 260 479 438 542; x_wconf 79' lang='lat' dir='ltr'><strong>statueretur,</strong></span> <span class='ocrx_word' id='word_1_9' title='bbox 452 468 502 527; x_wconf 93' lang='lat' dir='ltr'><strong>ubi</strong></span> <span class='ocrx_word' id='word_1_10' title='bbox 522 468 613 529; x_wconf 83' lang='lat' dir='ltr'><strong>imber</strong></span> <span class='ocrx_word' id='word_1_11' title='bbox 632 485 695 526; x_wconf 82' lang='lat' dir='ltr'><strong>esse</strong></span> <span class='ocrx_word' id='word_1_12' title='bbox 714 484 773 526; x_wconf 90' lang='lat' dir='ltr'><strong>non</strong></span> <span class='ocrx_word' id='word_1_13' title='bbox 789 475 895 543; x_wconf 81' lang='lat' dir='ltr'><strong>posset,</strong></span> 
     </span>
     <span class='ocr_line' id='line_1_3' title="bbox 116 563 895 642; baseline 0.003 -20"><span class='ocrx_word' id='word_1_14' title='bbox 116 565 223 623; x_wconf 88' lang='lat' dir='ltr'><strong>nullam</strong></span> <span class='ocrx_word' id='word_1_15' title='bbox 243 566 305 622; x_wconf 88' lang='lat' dir='ltr'><strong>sine</strong></span> <span class='ocrx_word' id='word_1_16' title='bbox 324 565 437 642; x_wconf 71' lang='lat' dir='ltr'><strong>lasdgio</strong></span> <span class='ocrx_word' id='word_1_17' title='bbox 455 563 810 642; x_wconf 74' lang='lat' dir='ltr'><strong>dignitatemhabiturum</strong></span> <span class='ocrx_word' id='word_1_18' title='bbox 833 581 895 624; x_wconf 73' lang='lat' dir='ltr'><strong>esso</strong></span> 
     </span>
    </p>
   </div>
   <div class='ocr_carea' id='block_1_3' title="bbox 17 661 253 736">
    <p class='ocr_par' dir='ltr' id='par_1_3' title="bbox 17 661 253 736">
     <span class='ocr_line' id='line_1_4' title="bbox 17 661 253 736; baseline 0.004 -18"><span class='ocrx_word' id='word_1_19' title='bbox 17 725 19 736; x_wconf 56' lang='lat'><strong>,</strong></span> <span class='ocrx_word' id='word_1_20' title='bbox 114 661 253 719; x_wconf 81' lang='lat' dir='ltr'><strong>rideatur.</strong></span> 
     </span>
    </p>
   </div>
   <div class='ocr_carea' id='block_1_4' title="bbox 17 755 925 929">
    <p class='ocr_par' dir='ltr' id='par_1_4' title="bbox 17 755 925 929">
     <span class='ocr_line' id='line_1_5' title="bbox 17 755 894 837; baseline 0.001 -23"><span class='ocrx_word' id='word_1_21' title='bbox 17 821 19 837; x_wconf 49' lang='grc'><strong>,</strong></span> <span class='ocrx_word' id='word_1_22' title='bbox 155 757 221 814; x_wconf 89' lang='lat' dir='ltr'><strong>Hoc</strong></span> <span class='ocrx_word' id='word_1_23' title='bbox 235 757 264 814; x_wconf 94' lang='lat' dir='ltr'><strong>in</strong></span> <span class='ocrx_word' id='word_1_24' title='bbox 277 757 409 818; x_wconf 89' lang='lat' dir='ltr'><strong>omnibus</strong></span> <span class='ocrx_word' id='word_1_25' title='bbox 422 756 490 814; x_wconf 88' lang='lat' dir='ltr'><strong>item</strong></span> <span class='ocrx_word' id='word_1_26' title='bbox 502 756 631 832; x_wconf 86' lang='lat' dir='ltr'><strong>partibus</strong></span> <span class='ocrx_word' id='word_1_27' title='bbox 644 755 781 816; x_wconf 84' lang='lat' dir='ltr'><strong>orationis</strong></span> <span class='ocrx_word' id='word_1_28' title='bbox 790 757 894 829; x_wconf 83' lang='lat' dir='ltr'><strong>evenit,</strong></span> 
     </span>
     <span class='ocr_line' id='line_1_6' title="bbox 17 846 925 929; baseline 0 -19"><span class='ocrx_word' id='word_1_29' title='bbox 17 846 19 856; x_wconf 17' lang='grc' dir='ltr'>ἱ</span> <span class='ocrx_word' id='word_1_30' title='bbox 115 864 148 911; x_wconf 89' lang='lat' dir='ltr'><strong>ut</strong></span> <span class='ocrx_word' id='word_1_31' title='bbox 173 852 333 924; x_wconf 86' lang='lat' dir='ltr'><strong>utilitatem,</strong></span> <span class='ocrx_word' id='word_1_32' title='bbox 362 872 396 911; x_wconf 86' lang='lat' dir='ltr'><strong>ac</strong></span> <span class='ocrx_word' id='word_1_33' title='bbox 421 870 510 929; x_wconf 81' lang='lat' dir='ltr'><strong>prope</strong></span> <span class='ocrx_word' id='word_1_34' title='bbox 529 853 745 927; x_wconf 86' lang='lat' dir='ltr'><strong>necessitatem,</strong></span> <span class='ocrx_word' id='word_1_35' title='bbox 772 853 925 913; x_wconf 73' lang='lat' dir='ltr'><strong>suavitasd</strong></span> 
     </span>
    </p>
   </div>
   <div class='ocr_carea' id='block_1_5' title="bbox 17 948 895 1312">
    <p class='ocr_par' dir='ltr' id='par_1_5' title="bbox 17 948 895 1312">
     <span class='ocr_line' id='line_1_7' title="bbox 17 948 894 1027; baseline 0 -21"><span class='ocrx_word' id='word_1_36' title='bbox 17 1016 18 1027; x_wconf 10' lang='grc' dir='ltr'>χ</span> <span class='ocrx_word' id='word_1_37' title='bbox 114 949 243 1024; x_wconf 74' lang='lat' dir='ltr'><strong>quaedam</strong></span> <span class='ocrx_word' id='word_1_38' title='bbox 257 959 286 1006; x_wconf 90' lang='lat' dir='ltr'><strong>et</strong></span> <span class='ocrx_word' id='word_1_39' title='bbox 297 948 378 1024; x_wconf 92' lang='lat' dir='ltr'><strong>lepos</strong></span> <span class='ocrx_word' id='word_1_40' title='bbox 396 957 595 1023; x_wconf 88' lang='lat' dir='ltr'><strong>consequatur.</strong></span> <span class='ocrx_word' id='word_1_41' title='bbox 637 948 787 1006; x_wconf 81' lang='lat' dir='ltr'><strong>clausulas</strong></span> <span class='ocrx_word' id='word_1_42' title='bbox 807 948 894 1020; x_wconf 89' lang='lat' dir='ltr'><strong>enim,</strong></span> 
     </span>
     <span class='ocr_line' id='line_1_8' title="bbox 17 1043 895 1131; baseline -0.003 -26"><span class='ocrx_word' id='word_1_43' title='bbox 17 1046 18 1131; x_wconf 46' lang='lat'><strong>,</strong></span> <span class='ocrx_word' id='word_1_44' title='bbox 115 1055 199 1120; x_wconf 87' lang='lat' dir='ltr'><strong>atque</strong></span> <span class='ocrx_word' id='word_1_45' title='bbox 219 1044 400 1119; x_wconf 80' lang='lat' dir='ltr'><strong>interpuncta</strong></span> <span class='ocrx_word' id='word_1_46' title='bbox 419 1045 579 1114; x_wconf 87' lang='lat' dir='ltr'><strong>verborum,</strong></span> <span class='ocrx_word' id='word_1_47' title='bbox 600 1044 702 1102; x_wconf 77' lang='lat' dir='ltr'><strong>enimse</strong></span> <span class='ocrx_word' id='word_1_48' title='bbox 729 1043 895 1102; x_wconf 75' lang='lat' dir='ltr'><strong>interclusio</strong></span> 
     </span>
     <span class='ocr_line' id='line_1_9' title="bbox 17 1140 894 1219; baseline 0.001 -20"><span class='ocrx_word' id='word_1_49' title='bbox 17 1140 18 1219; x_wconf 22' lang='grc' dir='ltr'>ζ</span> <span class='ocrx_word' id='word_1_50' title='bbox 114 1152 199 1216; x_wconf 83' lang='lat' dir='ltr'><strong>atque</strong></span> <span class='ocrx_word' id='word_1_51' title='bbox 213 1142 350 1218; x_wconf 75' lang='lat' dir='ltr'><strong>angustiae</strong></span> <span class='ocrx_word' id='word_1_52' title='bbox 363 1141 479 1216; x_wconf 73' lang='lat' dir='ltr'><strong>spiritis</strong></span> <span class='ocrx_word' id='word_1_53' title='bbox 498 1142 660 1200; x_wconf 85' lang='lat' dir='ltr'><strong>attulerunt.</strong></span> <span class='ocrx_word' id='word_1_54' title='bbox 700 1140 734 1198; x_wconf 95' lang='lat' dir='ltr'><strong>Id</strong></span> <span class='ocrx_word' id='word_1_55' title='bbox 749 1142 894 1200; x_wconf 79' lang='lat' dir='ltr'><strong>inventum</strong></span> 
     </span>
     <span class='ocr_line' id='line_1_10' title="bbox 17 1230 893 1312; baseline 0.001 -17"><span class='ocrx_word' id='word_1_56' title='bbox 17 1240 18 1243; x_wconf 72' lang='grc'>’</span> <span class='ocrx_word' id='word_1_57' title='bbox 113 1237 154 1296; x_wconf 87' lang='lat' dir='ltr'><strong>ita</strong></span> <span class='ocrx_word' id='word_1_58' title='bbox 166 1249 209 1294; x_wconf 81' lang='lat' dir='ltr'><strong>est</strong></span> <span class='ocrx_word' id='word_1_59' title='bbox 222 1230 317 1308; x_wconf 84' lang='lat' dir='ltr'><strong>suave,</strong></span> <span class='ocrx_word' id='word_1_60' title='bbox 329 1247 370 1307; x_wconf 89' lang='lat' dir='ltr'><strong>ut,</strong></span> <span class='ocrx_word' id='word_1_61' title='bbox 381 1236 405 1293; x_wconf 89' lang='lat' dir='ltr'><strong>si</strong></span> <span class='ocrx_word' id='word_1_62' title='bbox 419 1237 468 1294; x_wconf 89' lang='lat' dir='ltr'><strong>cui</strong></span> <span class='ocrx_word' id='word_1_63' title='bbox 480 1237 517 1293; x_wconf 89' lang='lat' dir='ltr'><strong>sit</strong></span> <span class='ocrx_word' id='word_1_64' title='bbox 531 1237 658 1294; x_wconf 76' lang='lat' dir='ltr'><strong>infinitus</strong></span> <span class='ocrx_word' id='word_1_65' title='bbox 671 1237 893 1312; x_wconf 84' lang='lat' dir='ltr'><strong>spiritusdatus,</strong></span> 
     </span>
    </p>
   </div>
   <div class='ocr_carea' id='block_1_6' title="bbox 113 1331 942 1693">
    <p class='ocr_par' dir='ltr' id='par_1_6' title="bbox 113 1331 942 1693">
     <span class='ocr_line' id='line_1_11' title="bbox 113 1331 942 1407; baseline 0.002 -17"><span class='ocrx_word' id='word_1_66' title='bbox 113 1343 209 1390; x_wconf 89' lang='lat' dir='ltr'><strong>tamen</strong></span> <span class='ocrx_word' id='word_1_67' title='bbox 229 1351 295 1388; x_wconf 82' lang='lat' dir='ltr'><strong>eum</strong></span> <span class='ocrx_word' id='word_1_68' title='bbox 316 1342 483 1407; x_wconf 87' lang='lat' dir='ltr'><strong>perpetuare</strong></span> <span class='ocrx_word' id='word_1_69' title='bbox 502 1332 588 1388; x_wconf 80' lang='lat' dir='ltr'><strong>verba</strong></span> <span class='ocrx_word' id='word_1_70' title='bbox 607 1331 746 1390; x_wconf 86' lang='lat' dir='ltr'><strong>nolimus:</strong></span> <span class='ocrx_word' id='word_1_71' title='bbox 769 1333 798 1389; x_wconf 92' lang='lat' dir='ltr'><strong>id</strong></span> <span class='ocrx_word' id='word_1_72' title='bbox 817 1334 894 1393; x_wconf 83' lang='lat' dir='ltr'><strong>onim</strong></span> <span class='ocrx_word' id='word_1_73' title='bbox 909 1342 942 1392; x_wconf 79' lang='lat'><strong>1⁰</strong></span> 
     </span>
     <span class='ocr_line' id='line_1_12' title="bbox 115 1426 895 1502; baseline 0.003 -17"><span class='ocrx_word' id='word_1_74' title='bbox 115 1428 231 1485; x_wconf 82' lang='lat' dir='ltr'><strong>auribus</strong></span> <span class='ocrx_word' id='word_1_75' title='bbox 244 1427 349 1484; x_wconf 88' lang='lat' dir='ltr'><strong>nostris</strong></span> <span class='ocrx_word' id='word_1_76' title='bbox 365 1437 476 1502; x_wconf 83' lang='lat' dir='ltr'><strong>gratum</strong></span> <span class='ocrx_word' id='word_1_77' title='bbox 490 1436 534 1482; x_wconf 87' lang='lat' dir='ltr'><strong>est</strong></span> <span class='ocrx_word' id='word_1_78' title='bbox 547 1426 703 1496; x_wconf 84' lang='lat' dir='ltr'><strong>inventum,</strong></span> <span class='ocrx_word' id='word_1_79' title='bbox 717 1428 791 1501; x_wconf 90' lang='lat' dir='ltr'><strong>quod</strong></span> <span class='ocrx_word' id='word_1_80' title='bbox 805 1428 895 1487; x_wconf 88' lang='lat' dir='ltr'><strong>homi·</strong></span> 
     </span>
     <span class='ocr_line' id='line_1_13' title="bbox 113 1520 894 1592; baseline 0.003 -11"><span class='ocrx_word' id='word_1_81' title='bbox 113 1541 183 1582; x_wconf 88' lang='lat' dir='ltr'><strong>num</strong></span> <span class='ocrx_word' id='word_1_82' title='bbox 203 1522 339 1579; x_wconf 88' lang='lat' dir='ltr'><strong>lateribus</strong></span> <span class='ocrx_word' id='word_1_83' title='bbox 358 1541 415 1580; x_wconf 89' lang='lat' dir='ltr'><strong>non</strong></span> <span class='ocrx_word' id='word_1_84' title='bbox 435 1521 583 1579; x_wconf 80' lang='lat' dir='ltr'><strong>tolerabile</strong></span> <span class='ocrx_word' id='word_1_85' title='bbox 602 1520 711 1592; x_wconf 85' lang='lat' dir='ltr'><strong>solum,</strong></span> <span class='ocrx_word' id='word_1_86' title='bbox 731 1521 781 1578; x_wconf 81' lang='lat' dir='ltr'><strong>sed</strong></span> <span class='ocrx_word' id='word_1_87' title='bbox 807 1523 894 1584; x_wconf 80' lang='lat' dir='ltr'><strong>etiam</strong></span> 
     </span>
     <span class='ocr_line' id='line_1_14' title="bbox 114 1617 417 1693; baseline -0.007 -19"><span class='ocrx_word' id='word_1_88' title='bbox 114 1617 209 1688; x_wconf 89' lang='lat' dir='ltr'><strong>facile,</strong></span> <span class='ocrx_word' id='word_1_89' title='bbox 223 1635 286 1673; x_wconf 86' lang='lat' dir='ltr'><strong>esse</strong></span> <span class='ocrx_word' id='word_1_90' title='bbox 299 1626 417 1693; x_wconf 44' lang='lat' dir='ltr'><strong>possets</strong></span> 
     </span>
    </p>
   </div>
   <div class='ocr_carea' id='block_1_7' title="bbox 23 1806 942 2365">
    <p class='ocr_par' dir='ltr' id='par_1_7' title="bbox 23 1806 942 2365">
     <span class='ocr_line' id='line_1_15' title="bbox 153 1806 894 1884; baseline 0 -18"><span class='ocrx_word' id='word_1_91' title='bbox 153 1807 275 1866; x_wconf 87' lang='lat' dir='ltr'><strong>XLVII.</strong></span> <span class='ocrx_word' id='word_1_92' title='bbox 305 1807 486 1884; x_wconf 80' lang='lat' dir='ltr'><strong>Longissima</strong></span> <span class='ocrx_word' id='word_1_93' title='bbox 523 1815 567 1865; x_wconf 85' lang='lat' dir='ltr'><strong>est</strong></span> <span class='ocrx_word' id='word_1_94' title='bbox 607 1806 693 1884; x_wconf 85' lang='lat' dir='ltr'><strong>igitur</strong></span> <span class='ocrx_word' id='word_1_95' title='bbox 735 1806 894 1883; x_wconf 82' lang='lat' dir='ltr'><strong>complexio</strong></span> 
     </span>
     <span class='ocr_line' id='line_1_16' title="bbox 113 1902 942 1981; baseline 0 -19"><span class='ocrx_word' id='word_1_96' title='bbox 113 1905 274 1976; x_wconf 85' lang='lat' dir='ltr'><strong>verborum,</strong></span> <span class='ocrx_word' id='word_1_97' title='bbox 294 1923 356 1979; x_wconf 80' lang='lat' dir='ltr'><strong>quse</strong></span> <span class='ocrx_word' id='word_1_98' title='bbox 382 1903 457 1961; x_wconf 82' lang='lat' dir='ltr'><strong>volvi</strong></span> <span class='ocrx_word' id='word_1_99' title='bbox 483 1923 541 1962; x_wconf 90' lang='lat' dir='ltr'><strong>uno</strong></span> <span class='ocrx_word' id='word_1_100' title='bbox 568 1903 668 1980; x_wconf 90' lang='lat' dir='ltr'><strong>spiritu</strong></span> <span class='ocrx_word' id='word_1_101' title='bbox 693 1914 794 1981; x_wconf 61' lang='lat' dir='ltr'><strong>potest.¹</strong></span> <span class='ocrx_word' id='word_1_102' title='bbox 836 1904 894 1964; x_wconf 86' lang='lat' dir='ltr'><strong>Sed</strong></span> <span class='ocrx_word' id='word_1_103' title='bbox 911 1902 942 1954; x_wconf 81' lang='lat'><strong>¹5</strong></span> 
     </span>
     <span class='ocr_line' id='line_1_17' title="bbox 23 1978 895 2072; baseline 0.001 -14"><span class='ocrx_word' id='word_1_104' title='bbox 23 1978 27 1995; x_wconf 52' lang='lat'>⁸</span> <span class='ocrx_word' id='word_1_105' title='bbox 112 2001 162 2058; x_wconf 90' lang='lat' dir='ltr'><strong>hio</strong></span> <span class='ocrx_word' id='word_1_106' title='bbox 174 2012 283 2058; x_wconf 75' lang='lat' dir='ltr'><strong>naturae</strong></span> <span class='ocrx_word' id='word_1_107' title='bbox 295 2000 397 2056; x_wconf 91' lang='lat' dir='ltr'><strong>modus</strong></span> <span class='ocrx_word' id='word_1_108' title='bbox 410 2009 463 2072; x_wconf 90' lang='lat' dir='ltr'><strong>est,</strong></span> <span class='ocrx_word' id='word_1_109' title='bbox 479 2000 546 2057; x_wconf 85' lang='lat' dir='ltr'><strong>artis</strong></span> <span class='ocrx_word' id='word_1_110' title='bbox 567 2000 654 2058; x_wconf 87' lang='lat' dir='ltr'><strong>alius:</strong></span> <span class='ocrx_word' id='word_1_111' title='bbox 675 2018 741 2058; x_wconf 88' lang='lat' dir='ltr'><strong>nam</strong></span> <span class='ocrx_word' id='word_1_112' title='bbox 758 2000 895 2060; x_wconf 79' lang='lat' dir='ltr'><strong>cumulat</strong></span> 
     </span>
     <span class='ocr_line' id='line_1_18' title="bbox 111 2097 894 2176; baseline 0 -18"><span class='ocrx_word' id='word_1_113' title='bbox 111 2098 223 2158; x_wconf 89' lang='lat' dir='ltr'><strong>numeri</strong></span> <span class='ocrx_word' id='word_1_114' title='bbox 237 2098 346 2174; x_wconf 87' lang='lat' dir='ltr'><strong>plures;</strong></span> <span class='ocrx_word' id='word_1_115' title='bbox 368 2098 492 2156; x_wconf 85' lang='lat' dir='ltr'><strong>iambum</strong></span> <span class='ocrx_word' id='word_1_116' title='bbox 505 2107 536 2154; x_wconf 89' lang='lat' dir='ltr'><strong>et</strong></span> <span class='ocrx_word' id='word_1_117' title='bbox 549 2097 703 2160; x_wconf 73' lang='lat' dir='ltr'><strong>trocheum</strong></span> <span class='ocrx_word' id='word_1_118' title='bbox 718 2098 894 2176; x_wconf 83' lang='lat' dir='ltr'><strong>frequentent</strong></span> 
     </span>
     <span class='ocr_line' id='line_1_19' title="bbox 112 2193 893 2271; baseline 0 -19"><span class='ocrx_word' id='word_1_119' title='bbox 112 2205 244 2271; x_wconf 85' lang='lat' dir='ltr'><strong>segregat</strong></span> <span class='ocrx_word' id='word_1_120' title='bbox 264 2194 300 2251; x_wconf 84' lang='lat' dir='ltr'><strong>ab</strong></span> <span class='ocrx_word' id='word_1_121' title='bbox 325 2203 437 2252; x_wconf 84' lang='lat' dir='ltr'><strong>oratore</strong></span> <span class='ocrx_word' id='word_1_122' title='bbox 456 2193 637 2265; x_wconf 87' lang='lat' dir='ltr'><strong>Aristoteles,</strong></span> <span class='ocrx_word' id='word_1_123' title='bbox 658 2194 770 2266; x_wconf 81' lang='lat' dir='ltr'><strong>Catule,</strong></span> <span class='ocrx_word' id='word_1_124' title='bbox 792 2205 893 2267; x_wconf 82' lang='lat' dir='ltr'><strong>vester,</strong></span> 
     </span>
     <span class='ocr_line' id='line_1_20' title="bbox 113 2288 894 2365; baseline 0.005 -21"><span class='ocrx_word' id='word_1_125' title='bbox 113 2289 162 2363; x_wconf 90' lang='lat' dir='ltr'><strong>qui</strong></span> <span class='ocrx_word' id='word_1_126' title='bbox 185 2289 286 2347; x_wconf 73' lang='lat' dir='ltr'><strong>naturai</strong></span> <span class='ocrx_word' id='word_1_127' title='bbox 309 2299 405 2347; x_wconf 87' lang='lat' dir='ltr'><strong>tamen</strong></span> <span class='ocrx_word' id='word_1_128' title='bbox 429 2290 578 2347; x_wconf 91' lang='lat' dir='ltr'><strong>incurrunt</strong></span> <span class='ocrx_word' id='word_1_129' title='bbox 605 2288 658 2365; x_wconf 90' lang='lat' dir='ltr'><strong>ipsi</strong></span> <span class='ocrx_word' id='word_1_130' title='bbox 682 2289 712 2347; x_wconf 91' lang='lat' dir='ltr'><strong>in</strong></span> <span class='ocrx_word' id='word_1_131' title='bbox 736 2290 894 2348; x_wconf 88' lang='lat' dir='ltr'><strong>orationem</strong></span> 
     </span>
    </p>
   </div>
   <div class='ocr_carea' id='block_1_8' title="bbox 113 2367 1041 2463">
    <p class='ocr_par' dir='ltr' id='par_1_8' title="bbox 113 2367 1041 2463">
     <span class='ocr_line' id='line_1_21' title="bbox 113 2367 1041 2463; baseline 0.001 -23"><span class='ocrx_word' id='word_1_132' title='bbox 113 2401 329 2459; x_wconf 87' lang='lat' dir='ltr'><strong>sermonemque</strong></span> <span class='ocrx_word' id='word_1_133' title='bbox 347 2399 492 2455; x_wconf 82' lang='lat' dir='ltr'><strong>nostrum3</strong></span> <span class='ocrx_word' id='word_1_134' title='bbox 519 2384 571 2456; x_wconf 75' lang='lat' dir='ltr'><strong>sed</strong></span> <span class='ocrx_word' id='word_1_135' title='bbox 597 2394 664 2442; x_wconf 84' lang='lat' dir='ltr'><strong>sunt</strong></span> <span class='ocrx_word' id='word_1_136' title='bbox 679 2385 814 2463; x_wconf 83' lang='lat' dir='ltr'><strong>insignes</strong></span> <span class='ocrx_word' id='word_1_137' title='bbox 832 2403 894 2462; x_wconf 90' lang='lat' dir='ltr'><strong>per·</strong></span> <span class='ocrx_word' id='word_1_138' title='bbox 909 2391 941 2441; x_wconf 67' lang='lat'><strong>2⁰</strong></span> <span class='ocrx_word' id='word_1_139' title='bbox 1040 2367 1041 2390; x_wconf 66' lang='lat'>³</span> 
     </span>
    </p>
   </div>
   <div class='ocr_carea' id='block_1_9' title="bbox 84 2479 940 3118">
    <p class='ocr_par' dir='ltr' id='par_1_9' title="bbox 114 2479 935 2557">
     <span class='ocr_line' id='line_1_22' title="bbox 114 2479 935 2557; baseline 0.005 -20"><span class='ocrx_word' id='word_1_140' title='bbox 114 2479 260 2537; x_wconf 90' lang='lat' dir='ltr'><strong>cussiones</strong></span> <span class='ocrx_word' id='word_1_141' title='bbox 286 2498 383 2538; x_wconf 86' lang='lat' dir='ltr'><strong>eorum</strong></span> <span class='ocrx_word' id='word_1_142' title='bbox 410 2499 602 2552; x_wconf 87' lang='lat' dir='ltr'><strong>numerorum,</strong></span> <span class='ocrx_word' id='word_1_143' title='bbox 622 2489 651 2537; x_wconf 88' lang='lat' dir='ltr'><strong>et</strong></span> <span class='ocrx_word' id='word_1_144' title='bbox 670 2480 772 2538; x_wconf 90' lang='lat' dir='ltr'><strong>minuti</strong></span> <span class='ocrx_word' id='word_1_145' title='bbox 797 2482 893 2557; x_wconf 80' lang='lat' dir='ltr'><strong>pedes.</strong></span> <span class='ocrx_word' id='word_1_146' title='bbox 934 2517 935 2521; x_wconf 62' lang='lat'><em>=</em></span> 
     </span>
    </p>

    <p class='ocr_par' dir='ltr' id='par_1_10' title="bbox 111 2575 894 2653">
     <span class='ocr_line' id='line_1_23' title="bbox 111 2575 894 2653; baseline 0.004 -20"><span class='ocrx_word' id='word_1_147' title='bbox 111 2575 214 2639; x_wconf 76' lang='lat' dir='ltr'><strong>Quare</strong></span> <span class='ocrx_word' id='word_1_148' title='bbox 232 2577 354 2652; x_wconf 86' lang='lat' dir='ltr'><strong>primum</strong></span> <span class='ocrx_word' id='word_1_149' title='bbox 373 2578 410 2634; x_wconf 80' lang='lat' dir='ltr'><strong>ud</strong></span> <span class='ocrx_word' id='word_1_150' title='bbox 429 2577 549 2635; x_wconf 87' lang='lat' dir='ltr'><strong>heroum</strong></span> <span class='ocrx_word' id='word_1_151' title='bbox 576 2595 629 2634; x_wconf 85' lang='lat' dir='ltr'><strong>nos</strong></span> <span class='ocrx_word' id='word_1_152' title='bbox 654 2576 759 2653; x_wconf 79' lang='lat' dir='ltr'><strong>dactyli</strong></span> <span class='ocrx_word' id='word_1_153' title='bbox 778 2588 808 2635; x_wconf 87' lang='lat' dir='ltr'><strong>et</strong></span> <span class='ocrx_word' id='word_1_154' title='bbox 829 2597 894 2637; x_wconf 81' lang='lat' dir='ltr'><strong>anu·</strong></span> 
     </span>
    </p>

    <p class='ocr_par' dir='ltr' id='par_1_11' title="bbox 110 2670 893 2750">
     <span class='ocr_line' id='line_1_24' title="bbox 110 2670 893 2750; baseline 0.003 -20"><span class='ocrx_word' id='word_1_155' title='bbox 110 2671 194 2748; x_wconf 79' lang='lat' dir='ltr'><strong>paesti</strong></span> <span class='ocrx_word' id='word_1_156' title='bbox 213 2682 242 2728; x_wconf 87' lang='lat' dir='ltr'><strong>ot</strong></span> <span class='ocrx_word' id='word_1_157' title='bbox 260 2672 379 2747; x_wconf 85' lang='lat' dir='ltr'><strong>spondei</strong></span> <span class='ocrx_word' id='word_1_158' title='bbox 397 2672 500 2747; x_wconf 90' lang='lat' dir='ltr'><strong>pedem</strong></span> <span class='ocrx_word' id='word_1_159' title='bbox 520 2673 636 2744; x_wconf 81' lang='lat' dir='ltr'><strong>invitet3</strong></span> <span class='ocrx_word' id='word_1_160' title='bbox 658 2670 757 2748; x_wconf 90' lang='lat' dir='ltr'><strong>inquo</strong></span> <span class='ocrx_word' id='word_1_161' title='bbox 777 2673 893 2750; x_wconf 86' lang='lat' dir='ltr'><strong>impune</strong></span> 
     </span>
    </p>

    <p class='ocr_par' dir='ltr' id='par_1_12' title="bbox 84 2766 893 2850">
     <span class='ocr_line' id='line_1_25' title="bbox 84 2766 893 2850; baseline 0.002 -24"><span class='ocrx_word' id='word_1_162' title='bbox 84 2766 249 2850; x_wconf 17' lang='lat' dir='ltr'><strong>*progredi*</strong></span> <span class='ocrx_word' id='word_1_163' title='bbox 272 2767 340 2826; x_wconf 90' lang='lat' dir='ltr'><strong>licet</strong></span> <span class='ocrx_word' id='word_1_164' title='bbox 365 2769 425 2829; x_wconf 89' lang='lat' dir='ltr'><strong>duo</strong></span> <span class='ocrx_word' id='word_1_165' title='bbox 450 2769 588 2828; x_wconf 85' lang='lat' dir='ltr'><strong>duntaxat</strong></span> <span class='ocrx_word' id='word_1_166' title='bbox 612 2770 709 2845; x_wconf 87' lang='lat' dir='ltr'><strong>pedes,</strong></span> <span class='ocrx_word' id='word_1_167' title='bbox 738 2779 786 2828; x_wconf 89' lang='lat' dir='ltr'><strong>aut</strong></span> <span class='ocrx_word' id='word_1_168' title='bbox 808 2770 893 2846; x_wconf 85' lang='lat' dir='ltr'><strong>paulo</strong></span> 
     </span>
    </p>

    <p class='ocr_par' dir='ltr' id='par_1_13' title="bbox 109 2864 940 2941">
     <span class='ocr_line' id='line_1_26' title="bbox 109 2864 940 2941; baseline 0.007 -19"><span class='ocrx_word' id='word_1_169' title='bbox 109 2865 185 2941; x_wconf 89' lang='lat' dir='ltr'><strong>plus,</strong></span> <span class='ocrx_word' id='word_1_170' title='bbox 211 2881 250 2920; x_wconf 92' lang='lat' dir='ltr'><strong>ne</strong></span> <span class='ocrx_word' id='word_1_171' title='bbox 274 2864 359 2940; x_wconf 87' lang='lat' dir='ltr'><strong>plane</strong></span> <span class='ocrx_word' id='word_1_172' title='bbox 390 2865 419 2924; x_wconf 96' lang='lat' dir='ltr'><strong>in</strong></span> <span class='ocrx_word' id='word_1_173' title='bbox 452 2884 564 2924; x_wconf 85' lang='lat' dir='ltr'><strong>versum</strong></span> <span class='ocrx_word' id='word_1_174' title='bbox 598 2877 646 2924; x_wconf 87' lang='lat' dir='ltr'><strong>ant</strong></span> <span class='ocrx_word' id='word_1_175' title='bbox 678 2865 893 2924; x_wconf 86' lang='lat' dir='ltr'><strong>similitudinem</strong></span> <span class='ocrx_word' id='word_1_176' title='bbox 908 2878 940 2928; x_wconf 76' lang='lat'><strong>25</strong></span> 
     </span>
    </p>

    <p class='ocr_par' dir='ltr' id='par_1_14' title="bbox 111 2960 917 3118">
     <span class='ocr_line' id='line_1_27' title="bbox 111 2960 917 3042; baseline -0.004 -21"><span class='ocrx_word' id='word_1_177' title='bbox 111 2979 243 3021; x_wconf 79' lang='lat' dir='ltr'><strong>versuum</strong></span> <span class='ocrx_word' id='word_1_178' title='bbox 257 2960 424 3042; x_wconf 81' lang='lat' dir='ltr'><strong>incidemus.</strong></span> <span class='ocrx_word' id='word_1_179' title='bbox 465 2962 540 3023; x_wconf 67' lang='lat' dir='ltr'><strong>Alite</strong></span> <span class='ocrx_word' id='word_1_180' title='bbox 559 2971 625 3022; x_wconf 85' lang='lat' dir='ltr'><strong>sunt</strong></span> <span class='ocrx_word' id='word_1_181' title='bbox 645 2961 776 3041; x_wconf 73' lang='lat' dir='ltr'><strong>gemino,</strong></span> <span class='ocrx_word' id='word_1_182' title='bbox 789 2961 893 3038; x_wconf 79' lang='lat' dir='ltr'><strong>qtaibm</strong></span> <span class='ocrx_word' id='word_1_183' title='bbox 914 2985 917 2988; x_wconf 96' lang='lat'>·</span> 
     </span>
     <span class='ocr_line' id='line_1_28' title="bbox 190 3058 459 3118; baseline 0 -2"><span class='ocrx_word' id='word_1_184' title='bbox 190 3075 254 3116; x_wconf 84' lang='lat' dir='ltr'><strong>vot..</strong></span> <span class='ocrx_word' id='word_1_185' title='bbox 268 3076 301 3117; x_wconf 90' lang='lat' dir='ltr'><strong>rr.</strong></span> <span class='ocrx_word' id='word_1_186' title='bbox 421 3058 459 3118; x_wconf 82' lang='lat' dir='ltr'><strong>tt</strong></span> 
     </span>
    </p>
   </div>
   <div class='ocr_carea' id='block_1_10' title="bbox 0 0 1060 3417">
    <p class='ocr_par' dir='ltr' id='par_1_15' title="bbox 0 0 1060 3417">
     <span class='ocr_line' id='line_1_29' title="bbox 0 0 1060 3417; baseline 0 0"><span class='ocrx_word' id='word_1_187' title='bbox 0 0 1060 3417; x_wconf 95' lang='lat' dir='ltr'><strong> </strong></span> 
     </span>
    </p>
   </div>
  </div>
 </body>
</html>
