2109 3417
93 287 179 348 nn]
379 288 423 336 na
445 287 609 334 naaman.
872 277 929 336 rm
952 313 960 331 .

93 445 183 494 testes
203 434 363 494 domestico
381 435 528 511 praeconio
548 433 720 512 eolliguntis.
761 433 808 492 De
826 433 884 496 hoe

94 531 194 608 igitur,
207 532 257 606 qni
277 532 331 589 erit
351 532 426 602 talis,
441 542 472 590 ut
485 531 678 590 cohortandus
696 530 884 606 adjuvandus·

95 647 152 703 que
162 628 209 698 sit,
222 627 262 684 ita
271 627 431 702 loquamur,
443 637 475 684 nt
487 627 515 685 ei
528 628 674 684 tradamus
687 645 723 684 ea
735 627 882 700 duntaxat,

94 742 159 799 que
179 742 232 782 noa
252 741 321 781 usus
340 723 449 794 docuit,
469 733 512 795 ut,
533 723 617 780 nobis
636 723 768 795 ducibus,
786 723 883 780 veniat

95 838 142 890 eo,
169 838 228 894 qno
254 819 318 876 sine
344 819 420 878 duce
447 819 501 895 ipsi
527 803 719 895 pervenimus,
746 819 913 894 quoniame

94 915 214 974 meliora
226 915 332 974 docere
344 933 405 972 non
418 911 578 992 possulnus.

133 1106 220 1166 XXI.
251 1109 359 1182 Atque,
379 1117 411 1164 ut
432 1126 449 1165 a
469 1107 600 1166 familiari
621 1117 719 1166 nostro
732 1108 881 1180 exordiar;

95 1204 174 1261 hune
195 1222 260 1280 ego,
275 1204 388 1275 Catule,
411 1203 583 1279 Sulpicium,
599 1203 735 1280 (primum
750 1203 779 1262 in
793 1205 881 1262 nansi

93 1299 213 1374 parvuli
234 1298 479 1356 adoleeeentnlum
500 1297 608 1378 audivi)
630 1317 712 1370 vote,
730 1309 759 1356 et
779 1299 880 1372 lorml,

94 1406 124 1452 et
137 1406 218 1464 motu
239 1394 377 1469 nemoris,
392 1404 420 1452 et
434 1393 550 1469 reliquie
564 1395 649 1454 rebus
666 1405 761 1470 aptum
776 1395 811 1453 ad
826 1395 882 1453 hoo
897 1403 927 1453 1⁰

94 1509 211 1560 munus,
225 1489 261 1547 de
280 1507 339 1564 quo
359 1489 522 1564 quaerimus,
537 1489 667 1546 oratione
685 1499 780 1547 autem
794 1490 882 1548 oeleri

94 1597 125 1644 et
138 1585 286 1644 oonoitatd
307 1585 398 1661 (quod
416 1595 479 1644 erat
499 1585 633 1664 ingenii),
648 1595 677 1643 et
690 1585 784 1643 verbis
801 1587 882 1644 effer·

94 1681 289 1752 vescentibus,
323 1691 353 1738 et
384 1679 470 1756 paulo
501 1679 623 1737 nimium
657 1679 883 1739 redundantibus

96 1778 189 1855 (quod
209 1788 270 1834 erat
290 1777 406 1853 etatis),
426 1795 485 1834 non
505 1795 569 1833 sum
591 1785 765 1851 aspernatus.
805 1776 882 1834 Volo

93 1875 173 1934 eninr
194 1892 226 1932 se
245 1874 345 1930 efferat
365 1873 394 1930 in
415 1872 597 1932 adolescente
617 1872 799 1947 secunditast
815 1889 880 1930 nam
896 1886 927 1936 15

94 1971 220 2041 facilius,
234 1969 311 2026 siout
330 1970 360 2025 in
381 1969 486 2026 vitibus
499 1979 671 2026 revocantur
684 1987 729 2040 ea,
743 1987 805 2044 qua
819 1987 882 2027 sese

94 2067 216 2126 nimium
237 2066 433 2143 profuderunt,
454 2052 551 2140 quam,
572 2065 596 2122 si
616 2065 687 2123 nihil
702 2065 775 2124 valet
796 2078 883 2124 mate·

94 2166 163 2236 ries,
178 2181 253 2220 nova
271 2174 416 2220 sarmenta
434 2163 547 2220 cultura
566 2163 742 2234 excitantur3
764 2163 882 2222 itavolo

8 2332 9 2338 ἵ
94 2280 159 2318 esse
174 2261 204 2316 in
220 2259 413 2328 adolescente,
425 2258 502 2314 unde
514 2257 618 2333 aliquid
632 2269 782 2334 amputem.
814 2259 881 2318 Non

94 2358 174 2416 enim
194 2365 290 2432 potest
309 2355 338 2412 in
359 2373 395 2412 eo
414 2373 520 2412 suenus
540 2372 602 2412 esse
623 2355 784 2428 diuturnus,
805 2357 881 2431 quod
896 2357 928 2408 2⁰

94 2453 183 2512 nimis
197 2452 328 2511 celeriter
341 2463 385 2510 est
399 2451 591 2508 maturitatem
601 2462 773 2514 assecutum.
813 2453 882 2512 Vidi

94 2550 192 2631 statim
219 2548 357 2619 indolem,
377 2566 471 2622 neque
494 2547 590 2628 dimisi
611 2557 738 2624 tempus;
767 2557 796 2606 et
815 2567 882 2608 eum
926 2555 936 2598 't

94 2665 158 2704 sum
174 2644 349 2715 cohortatus,
360 2653 393 2701 ut
406 2644 498 2702 lorum
512 2643 567 2702 sibi
581 2643 680 2701 ludum
694 2654 806 2720 putaret
819 2663 882 2703 esse

95 2742 132 2800 ad
152 2740 342 2810 discendum
368 2739 536 2816 magistrum
557 2749 662 2812 autem,
681 2759 768 2814 quem
787 2741 881 2815 vellet,

94 2838 232 2915 eligerem
259 2855 307 2894 me
333 2835 449 2911 quidem
475 2833 500 2891 si
528 2834 649 2907 audiret,
673 2835 706 2893 L.
727 2836 880 2896 Crassum:
895 2845 928 2896 ὃ

85 2933 173 3010 quod
186 2933 241 2990 iate
255 2931 384 3007 arripuit,
399 2941 427 2988 et
441 2931 482 2988 ita
493 2948 557 2988 sese
571 2930 713 2988 lucturum
734 2933 883 2990 coufirma-

95 3031 151 3105 ait3
172 3040 258 3106 atque
278 3027 365 3087 etiam
386 3026 507 3099 addidit,
526 3026 626 3104 gratie
649 3027 762 3096 soilioet
784 3027 882 3100 eausa,
