2109 3417
414 272 457 320 ns
479 270 643 326 carnosa.
853 272 922 331 [na

139 418 232 477 oratio
258 420 372 495 quidem
403 420 465 497 ipsa
496 420 612 496 propria
638 429 687 478 -est
719 419 804 496 hujus
836 418 923 478 unius

139 514 268 587 rationis,
288 516 324 573 de
350 516 406 591 qud
434 516 586 591 loquimur,
607 525 636 575 et
658 516 819 591 quaerimus.
873 516 925 573 Et·

139 612 216 668 enim
238 612 374 683 videmus,
390 612 489 669 iisdem
510 614 546 670 de
564 613 653 671 rebus„
666 612 764 689 jejune
782 611 923 687 quosdam

139 717 167 763 et
187 707 306 779 exiliter,
328 718 359 765 ut
385 727 461 779 eum,
484 725 569 783 quem
597 708 792 766 acutissimum
816 708 922 779 ferunt,

107 804 338 880 ochrysippum,
361 804 558 880 disputavisse,
586 822 679 879 neque
706 805 744 877 ob
770 821 833 861 eam
859 822 922 861 rem

136 900 324 975 philosophiae
344 920 402 959 non
423 901 606 972 satisfecisse,
620 902 694 977 quod
714 919 773 959 non
790 901 923 958 habuerit

138 996 213 1054 hanc
222 996 343 1055 *dicendi
358 997 388 1053 in
403 1006 462 1055 arte
478 997 572 1055 alieni
586 998 759 1055 facultatem.

176 1187 245 1245 XII.
273 1188 355 1249 Quid
380 1208 449 1266 ergo
471 1190 608 1248 interest?
635 1200 684 1247 aut
704 1188 754 1265 qui
774 1189 923 1248 discernes

137 1301 245 1354 eorum,
267 1303 339 1359 quos
354 1286 520 1357 nominavi,
542 1286 701 1343 ubertatem
727 1286 758 1343 in
785 1285 920 1357 dicendo,

92 1385 122 1433 10
137 1390 166 1437 et
187 1380 309 1457 copiam,
332 1381 368 1437 ab
388 1400 486 1439 eorum
506 1382 643 1453 exilitate,
659 1382 709 1457 qui
728 1381 784 1438 hac
804 1381 921 1440 dicandi

138 1476 273 1535 varietate
293 1487 322 1534 et
343 1477 485 1554 elegantid
498 1497 558 1537 non
572 1480 710 1535 utuntur‘i
748 1477 845 1535 Unum
866 1479 922 1537 erit

136 1574 275 1650 profecto,
303 1575 378 1649 quod
412 1574 442 1645 ii,
470 1574 517 1649 qui
552 1575 626 1631 bene
659 1574 769 1645 dicunt,
802 1574 922 1631 afferant

135 1670 297 1746 proprium;
325 1670 512 1745 compositam
540 1670 709 1743 orationem,
731 1679 761 1727 et
780 1680 919 1742 ornatam,

137 1774 167 1823 et
190 1766 311 1824 artificio
337 1766 460 1841 quodam
487 1775 516 1823 et
542 1766 716 1841 expolitione
746 1766 919 1823 distinctam.

89 1879 121 1928 15
138 1861 211 1920 Haec
231 1874 325 1922 autern
345 1863 447 1934 oratio,
462 1863 486 1921 si
502 1882 549 1920 ras
569 1882 628 1921 non
648 1863 746 1919 subest
760 1863 796 1919 ab
808 1871 921 1920 oratore

136 1970 271 2035 percepta
291 1970 319 2017 et
339 1960 465 2036 cognita,
487 1970 537 2017 aut
562 1959 642 2017 nulla
667 1960 705 2015 sit
727 1977 846 2017 necesse
866 1969 919 2030 est,

138 2063 186 2111 aut
206 2055 334 2111 omnium
356 2055 487 2112 irrisione
506 2054 629 2111 ludatur.
675 2054 757 2115 Quid
778 2064 821 2111 est
842 2054 936 2111 enim·

136 2160 194 2206 tam
221 2150 370 2221 furiosum,
391 2169 476 2224 quam
497 2151 656 2220 verborum,
676 2151 720 2207 rel
747 2151 919 2225 optimorum

138 2256 222 2320 atquc
242 2245 496 2316 ornatissimorum,
511 2245 622 2303 sonitus
637 2245 741 2318 inanis,
756 2246 835 2304 nullia
855 2248 922 2303 sub-

86 2364 120 2413 20
134 2341 211 2419 jecta
239 2342 390 2413 sententia,
410 2360 465 2400 nec
493 2340 634 2399 scientiis?
686 2342 838 2417 Quidquid
864 2342 921 2402 erit

136 2438 223 2515 igitur
238 2439 418 2513 quicumque
429 2456 464 2496 ex
479 2449 548 2509 arte,
560 2458 740 2514 quocumque
752 2438 789 2494 de
802 2456 919 2514 genere,

138 2535 167 2592 id
180 2546 286 2606 orator,
300 2536 324 2592 si
345 2546 479 2609 tanquam
501 2534 616 2593 clientis
634 2553 760 2607 cansam,
774 2534 924 2606 didicerit,

136 2632 214 2689 dicet
233 2631 336 2688 melius
349 2643 378 2689 et
392 2632 529 2702 ornatius,
545 2650 630 2705 quam
650 2632 699 2689 illc
720 2630 780 2706 ipse
800 2631 862 2707 ejus
876 2632 919 2689 rei

136 2728 265 2786 inventor
286 2736 370 2804 atque
391 2726 499 2785 artifex.
554 2727 631 2784 Nam
652 2727 761 2802 siquis
783 2728 847 2799 erit,
869 2728 919 2802 qui

85 2835 120 2885 25
136 2825 191 2883 hoc
210 2825 297 2898 dicat,
311 2844 374 2883 esse
394 2826 530 2900 quasdam
551 2834 695 2882 oratorum
714 2824 843 2900 proprias
856 2842 920 2881 sen·

136 2922 248 2996 tentias,
264 2932 347 2999 atquc
362 2941 472 2996 causas,
487 2932 516 2980 et
530 2931 672 2979 certarum
686 2939 782 2979 rerum
802 2920 921 2979 sorensi·

136 3020 190 3080 bus
204 3020 340 3081 cancellis
353 3019 600 3099 circumscriptam
620 3017 787 3089 scientiam
809 3018 921 3081 fatebor
