2109 3417
124 298 167 359 tt
443 310 487 357 un
509 310 673 357 cernone.
875 312 960 372 [nn

129 491 131 494 ·
171 459 348 517 satisfactum
375 460 505 534 nonsit,
531 461 621 519 multo
645 460 710 537 plus
733 460 770 519 sit
793 461 823 519 in
846 462 959 538 reliqui

171 556 259 613 causi
285 556 481 615 laborandum.
523 554 602 615 Male
628 554 705 615 enim
732 576 764 615 se
788 572 835 615 res
859 558 957 630 habet,

171 672 234 727 quae
254 671 313 711 non
333 654 439 726 statim,
457 663 489 712 ut
508 654 567 712 dici
588 665 681 730 ccepte
700 663 753 726 est,
773 655 873 713 melior
894 654 957 713 lieri

171 748 290 806 ridetur.
337 750 425 828 Ergo,
447 750 527 807 utin
548 761 661 808 oratore
681 750 805 827 optimus
824 750 955 827 quisque,

138 844 214 904 usic
246 856 275 903 et
308 846 338 903 in
370 846 511 917 oratione,
538 847 742 903 firmissimum·
758 847 892 922 quodque
917 848 958 906 sit

170 939 308 1017 primum3
329 942 488 999 dumillud
508 954 604 999 temen
625 943 653 1000 in
675 952 795 1017 utroque
812 952 956 1016 tenentur,

171 1047 203 1094 ut
222 1056 266 1108 en,
286 1058 349 1113 quoe
371 1038 521 1110 excellunt,
543 1050 690 1096 serventur
709 1038 796 1095 etium
818 1039 852 1095 ud
872 1058 957 1115 pero·
1037 1084 1038 1089 κ

170 1134 306 1192 rendum:
326 1135 351 1191 si
372 1154 434 1209 quse
454 1144 538 1192 erunt
557 1134 723 1205 mediocria,
744 1133 824 1210 (uam
845 1135 961 1193 vitiosis

170 1249 309 1304 nusquam
323 1248 386 1287 esse
399 1240 509 1305 oportet
523 1230 631 1309 locum)
647 1230 675 1286 in
690 1230 813 1287 mediam
829 1232 959 1304 turbem,

123 1338 155 1387 10
170 1338 254 1401 utque
267 1327 297 1383 in
311 1344 437 1403 gregem,
452 1326 653 1403 conjiciantur.

209 1422 300 1479 Hisce
319 1422 452 1480 omnibus
472 1423 558 1479 rebus
579 1420 776 1493 consideratis,
791 1432 852 1479 tum
873 1422 959 1481 deni·

169 1538 225 1595 que
239 1519 278 1591 id,
292 1519 367 1595 quod
388 1519 510 1594 primum
531 1529 574 1575 est
594 1518 758 1587 dicendum,
778 1528 956 1593 postremum

169 1616 246 1674 soleo
259 1616 395 1693 cogitare,
410 1634 467 1689 quo
481 1624 543 1672 utar
556 1614 688 1671 exordio:
709 1632 786 1684 num,
801 1615 824 1671 si
839 1616 960 1691 quando

169 1712 197 1769 id
211 1712 334 1789 primum
354 1711 483 1769 invenire
497 1710 583 1781 volui,
598 1709 705 1768 nullom
725 1710 798 1767 mihi
816 1713 957 1784 occurrit,

123 1820 153 1870 15
168 1808 223 1866 nisi
238 1819 286 1866 sut
299 1808 383 1879 exile,
399 1816 447 1865 aut
460 1806 651 1883 nugatorium,
664 1815 712 1865 eut
726 1806 852 1884 vulgare,
868 1818 959 1884 etque
1039 1832 1040 1841 2

169 1922 330 1963 commune.

207 2092 378 2154 LXXVIII.
408 2093 555 2169 Principia
576 2104 669 2151 autem
698 2094 814 2152 dicendi
841 2114 955 2173 semper

169 2210 236 2250 cum
257 2201 401 2264 accurata,
421 2201 453 2247 et
471 2200 564 2262 acuta,
585 2199 614 2247 et
633 2190 773 2249 instructu
792 2193 955 2264 sententiis,

170 2299 235 2364 apta
259 2287 362 2358 verbis,
385 2297 446 2344 tum
472 2306 540 2344 vero
567 2305 718 2345 causarum
744 2288 869 2364 proprio,
890 2306 957 2347 esse

120 2401 153 2451 ω
170 2386 282 2443 debent.
323 2383 419 2441 Prima
431 2394 474 2440 est
492 2383 570 2441 enim
589 2384 670 2460 qussi
691 2384 820 2461 cognitio
833 2394 863 2443 et
876 2402 957 2444 oom-

169 2480 314 2538 mendatio
334 2479 471 2536 orationis
496 2479 527 2537 in
553 2478 705 2555 principio,
726 2498 788 2555 quae
815 2481 958 2539 contiuuo

169 2594 245 2647 eum,
259 2576 309 2651 qui
322 2574 411 2645 audit,
425 2575 603 2650 permulcere
624 2585 707 2650 atquc
728 2576 844 2633 allicere
857 2576 956 2635 debet.

170 2672 204 2731 ln
225 2690 282 2747 quo
302 2670 436 2728 admirari
456 2671 545 2741 soleo,
566 2688 623 2729 non
643 2670 775 2745 equidem
803 2671 881 2743 istos,
902 2672 956 2748 qui
1039 2736 1040 2769 i

168 2768 275 2827 nullam
294 2768 362 2825 huic
381 2767 423 2825 rei
444 2784 558 2842 operam
579 2766 729 2839 dederunt,
743 2767 794 2825 sed
807 2768 957 2828 huminem
1039 2770 1040 2791 ¹

120 2886 153 2939 ᾖ
169 2865 199 2924 in
218 2864 318 2941 primis
337 2863 474 2921 disertum
495 2872 580 2939 utque
602 2862 756 2936 eruditum,
777 2862 955 2941 Philippum,

168 2962 218 3038 qui
244 2961 285 3018 itu
309 2959 383 3017 solet
409 2960 445 3017 sd
471 2959 626 3018 dicendum
653 2978 778 3037 surgere,
806 2970 847 3033 ut,
874 2962 954 3037 quod

167 3058 290 3137 primum
315 3056 433 3115 verbum
459 3054 608 3113 habiturus
632 3055 679 3129 sit,
702 3056 812 3115 nesciet
819 3076 828 3128 ς
858 3067 889 3115 et
911 3057 956 3117 eit
