2109 3417
119 250 199 323 nn]
411 262 454 309 nu
477 260 642 307 carrona.
923 244 961 303 51

123 412 162 471 in
189 412 296 471 Crasso
322 412 422 487 pudor,
450 410 499 486 qni
525 421 623 468 tamea
652 426 711 468 acu
745 408 832 467 modo
858 425 918 465 non

125 510 245 567 obesset
265 509 327 585 ejus
347 509 480 579 orationi,
495 508 546 565 sad
566 508 652 565 etiam
672 506 821 582 probitatis
841 523 919 563 com·

125 606 315 665 mendatione
330 605 483 682 prodesset.

170 798 301 857 XXVII.
328 797 407 857 Tum
429 798 585 867 Antonius,
607 798 699 873 Saepe,
720 806 753 855 ut
772 796 856 867 dicis,
877 795 919 853 in·

125 895 204 971 quit,
220 895 416 965 animadverti,
430 895 546 965 Crasse,
560 904 589 951 et
609 907 648 965 te,
662 907 692 951 et
711 905 824 951 ceteros
843 912 915 951 suna
931 896 948 945 t

129 1010 195 1050 mos
209 1003 344 1063 oratores,
358 1010 519 1066 quanquam
540 991 592 1048 tibi
610 1010 672 1067 par,
686 990 751 1047 meri
765 988 918 1061 seutentii,

128 1108 217 1147 nemo
232 1106 355 1165 uuquam
370 1088 433 1160 suit,
445 1087 474 1145 in
488 1088 605 1145 dicendi
618 1087 738 1145 exordio
751 1086 917 1163 permoveri.

125 1184 225 1262 ¹Cujus
237 1185 351 1260 quidem
371 1185 412 1242 rei
433 1204 500 1243 cum
521 1204 638 1242 causam
658 1202 825 1259 querercm,
839 1182 919 1258 quid·

125 1301 200 1341 ,nam
220 1293 304 1353 essct,
319 1300 381 1352 cnr,
399 1291 429 1339 ut
449 1282 479 1339 in
499 1300 612 1357 quoque
632 1292 746 1339 oratore
764 1281 918 1357 plurimum

128 1388 218 1449 esset,
240 1378 280 1436 ita
306 1377 429 1435 maxime
450 1378 474 1435 is
493 1378 717 1453 pertimesceret,
738 1377 790 1435 has
816 1396 919 1435 causas
934 1381 965 1431 1⁰

131 1474 314 1555 inveniebam
336 1476 424 1533 duaa:
451 1492 549 1547 unam,
570 1474 645 1549 quod
673 1474 865 1551 intelligerent
887 1473 917 1546 ii,

130 1590 203 1647 quos
237 1589 305 1627 usus
333 1590 366 1628 ac
393 1579 496 1627 natura
528 1570 685 1641 docuisset,
712 1588 918 1644 nonnunquam

125 1667 252 1725 summis
272 1668 433 1724 crateribus
453 1686 511 1725 non
532 1666 601 1725 satis
621 1685 657 1723 ex
677 1666 820 1723 sententia
836 1685 920 1723 even-

130 1773 194 1821 tum
214 1763 330 1821 dicendi
344 1764 518 1841 procedere:
541 1764 580 1821 ita
594 1781 653 1820 non
668 1762 783 1837 injurii,
797 1762 920 1838 quaties·

127 1879 258 1935 cumque
291 1860 430 1931 dicerent,
459 1860 498 1930 id,
528 1859 605 1933 quod
640 1859 792 1933 aliquando
823 1870 920 1934 posset
935 1861 966 1909 15

133 1957 277 2028 accidere,
291 1975 328 2014 ne
349 1967 409 2014 tum
432 1956 587 2028 recideret,
605 1956 715 2013 timere.
757 1955 858 2016 Altera
877 1964 920 2013 est

133 2052 207 2124 lucc,
222 2051 257 2110 de
272 2053 327 2127 qui
342 2052 422 2127 queri
441 2071 517 2127 saepe
537 2051 633 2120 sole0;
655 2062 815 2109 ceterarum
830 2051 920 2109 hcmi·
956 2050 964 2059 ⁸

127 2168 186 2209 mes
201 2149 301 2207 artium
323 2148 444 2225 spectati
458 2160 487 2205 et
499 2149 621 2225 probati,
636 2149 659 2205 si
676 2149 792 2223 quando
811 2149 918 2224 aliquid

128 2246 229 2304 minus
251 2246 323 2303 benc
344 2246 484 2317 fecerunt,
498 2264 582 2321 quam
601 2246 703 2316 solent,
720 2254 768 2302 aut
781 2246 916 2318 noluisse,

132 2352 184 2399 aut
205 2342 365 2399 valetudine
386 2341 516 2416 impediti
537 2360 596 2399 nou
622 2341 750 2418 potuisse
770 2342 918 2417 consequi,
933 2345 966 2395 2⁰

127 2438 164 2499 ‚id
198 2438 275 2515 quod
309 2438 427 2508 scirent,
460 2446 613 2513 putantur:
647 2438 749 2509 noluit,
777 2438 919 2513 inquiunt,

133 2533 221 2593 hodie
236 2553 321 2613 agere
335 2534 476 2605 Roscius3
500 2544 558 2605 aut,
572 2535 689 2593 crudior
708 2534 777 2592 suit:
799 2536 921 2594 cratoris

129 2640 298 2707 peccatum,
318 2631 342 2689 si
363 2631 439 2706 quod
463 2641 506 2687 est
535 2631 773 2702 animadversum,
793 2632 921 2690 stultitiae

129 2738 286 2805 peccatum
312 2727 432 2785 videtur.
487 2726 617 2785 Stultitia
643 2738 737 2785 autem
764 2729 921 2787 excusatio·

128 2842 201 2883 nem
221 2842 280 2881 non
309 2824 410 2895 habet3
437 2824 504 2899 qnia
530 2842 617 2882 uerno
636 2824 758 2895 ridetur,
780 2835 829 2883 aut
855 2824 966 2899 quiass

128 2920 243 2978 crudus
270 2920 364 2992 fiterit,
393 2931 441 2978 aut
468 2920 544 2996 quod
577 2920 618 2977 ita
649 2920 792 2992 maluerit,
819 2920 923 2978 stultus

129 3017 233 3081 tuisse.
272 3016 344 3081 Quo
358 3016 444 3077 etiam
463 3016 580 3097 gravius
596 3016 739 3094 judicium
753 3016 782 3075 in
797 3014 923 3072 dicendo
