2109 3417
127 225 157 273 a.
169 226 187 273 ι.
413 228 456 277 ua
479 229 644 277 orsaorsa
925 220 966 279 55

127 374 218 432 audio
246 374 353 448 diuers,
381 388 468 453 eaput
494 397 559 436 esse
585 378 663 451 artis,
690 376 812 449 deeere3
843 378 920 453 quod

125 480 228 529 tamen
249 492 339 529 unum
354 474 383 531 id
397 494 470 546 esse,
485 476 564 550 quod
583 476 658 532 tradi
673 486 734 532 arte
747 494 806 533 nou
819 476 918 550 possit.

128 569 200 639 Sed,
222 569 247 625 si
266 570 372 645 placet,
393 590 556 629 sermonem
578 572 635 629 alio
655 572 869 644 transferamus,
890 583 920 631 et

127 676 229 722 nostro
244 685 324 723 more
339 668 502 742 aliquando,
516 687 577 725 nou
591 668 747 740 rhetorieo,
762 670 919 746 loquamur.

171 762 293 819 Minime
307 782 384 837 vero,
399 764 493 839 inquit
513 765 616 822 Cotta:
636 784 716 822 uuae
729 765 806 822 euim
821 766 919 842 tejam
933 775 951 825 5

127 876 283 917 exoremus
310 879 430 917 neeesse
457 871 510 932 est,
531 862 668 935 quoniam
691 862 799 919 retines
817 882 870 919 aas
890 862 921 920 iu

130 954 188 1013 hoe
203 956 308 1027 studio,
323 975 379 1013 neo
394 957 429 1015 ad
444 957 528 1015 aliam
543 957 664 1015 dimittis
678 969 778 1029 artem,
792 970 824 1015 ut
836 960 921 1016 nobis

129 1053 268 1127 explices,
283 1052 421 1128 quidquid
442 1064 485 1111 est
505 1054 592 1125 istud,
606 1055 682 1129 quod
696 1065 728 1111 tu
745 1055 774 1111 in
795 1056 921 1115 diceudo

131 1161 230 1225 potes:
251 1169 345 1224 neque
365 1150 443 1207 enirn
464 1169 563 1207 sumus
583 1151 668 1207 nimis
687 1151 780 1209 avidi:
802 1152 856 1209 ista
870 1152 921 1209 tua

130 1245 270 1303 mediocri
285 1246 449 1320 eloquentia
465 1247 592 1304 contenti
614 1266 722 1321 sumus,
744 1248 830 1323 idque
843 1268 878 1307 ex
892 1260 921 1307 te
937 1261 967 1309 10

129 1342 295 1417 querimus,
321 1344 367 1419 (ut
392 1362 429 1399 ne
453 1344 516 1419 plus
541 1363 592 1401 nos
619 1362 811 1419 assequamur,
835 1364 940 1420 quam,

128 1440 300 1515 quantulum
315 1450 346 1497 tu
362 1440 391 1496 iu
406 1440 532 1497 dicendo
546 1453 693 1497 assecutus
706 1443 762 1519 es,)
775 1443 920 1516 quoniam,

129 1555 196 1611 quae
210 1521 227 1593 a
240 1537 343 1594 natura
363 1537 523 1611 expetenda
537 1547 613 1608 sunt,
627 1556 664 1594 ea
676 1537 750 1593 dicis
764 1552 821 1594 nou
834 1538 922 1595 nimis

130 1632 233 1690 deesse
256 1633 350 1705 nobis,
371 1633 439 1709 quid
455 1643 606 1709 -praeterea
631 1652 695 1691 esse
719 1634 921 1692 assumendum

131 1731 236 1806 puteat
522 1797 524 1801 ¹
936 1741 968 1790 1⁵

174 1922 273 1981 XXX.
302 1922 380 1981 Tum
404 1922 526 1981 Crassus
547 1920 685 1993 arrideas,
704 1920 787 1984 Quid
808 1940 921 1994 censes,

133 2020 236 2095 inquit,
252 2020 348 2091 Cotta,
363 2020 417 2077 uisi
433 2020 570 2089 studium,
584 2030 614 2076 et
628 2018 758 2075 ardorem
778 2020 921 2093 quendam

134 2117 259 2175 amoris?
287 2118 350 2174 sine
370 2134 427 2192 quo
455 2134 520 2173 uum
543 2115 572 2173 iu
593 2116 651 2173 vird
675 2116 747 2173 nihil
767 2115 922 2192 quidquam

133 2214 293 2291 egregium,
308 2224 369 2271 tum
390 2222 469 2271 certe
485 2212 552 2283 hoe,
567 2212 643 2287 quod
657 2223 689 2269 tu
703 2212 822 2289 expetis,
837 2231 922 2270 nemo

133 2328 261 2385 unquam
290 2320 463 2384 assequetur.
518 2308 623 2383 Neque
644 2326 712 2365 vero
732 2328 782 2365 vos
803 2311 837 2366 ad
858 2314 966 2366 eamw

133 2425 194 2465 rem
222 2406 306 2464 video
332 2425 396 2463 esse
422 2406 626 2473 cohortandam
654 2424 736 2481 quos,
758 2424 825 2462 aum
852 2406 922 2463 mihi

134 2522 249 2578 quoque
270 2502 332 2560 sitis
353 2502 475 2573 molesti,
490 2501 576 2559 nimis
596 2501 683 2559 etiam
703 2501 824 2578 flagrare
842 2501 924 2560 iutel-

133 2601 195 2678 ligo
216 2582 381 2679 eupiditate.
423 2600 482 2657 Sed
502 2600 633 2675 profecto
653 2598 750 2657 studia
768 2599 839 2656 nihii
860 2619 924 2676 pro·

133 2708 202 2756 sunt
221 2697 407 2773 perveniendi
429 2696 535 2772 aliquo,
549 2696 606 2754 nisi
619 2696 700 2767 illud,
714 2696 792 2771 quod
805 2714 851 2768 eu,
862 2716 923 2773 quo

134 2794 279 2865 intendas,
301 2792 373 2851 ferat
398 2794 589 2868 deducatque,
613 2790 757 2869 eogudris.
810 2792 922 2866 Quare,
936 2802 969 2852 26

131 2889 270 2966 quoniam
290 2886 362 2946 mihi
387 2886 479 2946 levius
505 2888 649 2963 quoddam
670 2904 745 2945 onus
766 2885 922 2963 impunitis,

135 3004 229 3064 usque
249 3004 286 3047 ex
305 3002 352 3043 ma
372 2984 409 3043 ds
428 2985 551 3044 aratoris
571 2994 641 3057 arte,
656 2984 707 3041 sed
720 2983 758 3043 de
772 2983 829 3041 hae
847 2981 924 3053 med,
