2109 3417
113 257 154 316 98
434 263 479 311 ur:
499 261 662 310 orduone.
872 259 912 320 [n.
922 259 942 306 1.

159 423 213 482 ter,
233 411 317 469 homo
340 409 539 486 peritissimus,
561 409 737 482 confirmare,
758 408 798 467 ita
824 427 856 466 se
882 427 944 466 rem
1048 477 1049 482 ἵ

160 509 275 579 habere,
291 518 321 565 ut
334 507 543 584 respondissem
565 525 620 564 nec
640 506 757 564 dubium
773 525 836 563 esse
848 524 943 581 posse.
1049 507 1050 544 ἕ

159 605 253 662 Galba
273 614 377 673 eutem,
398 603 527 659 alludens
548 601 624 658 varie
645 601 818 676 etcopiose,
839 600 944 658 multus

160 700 360 757 similitudines
375 700 484 769 afferre,
499 698 644 772 multaque
663 716 715 772 pro
729 696 861 771 aequitste
876 715 945 754 con·

129 807 204 856 stra
221 797 268 872 jus
288 796 401 852 dicere:
423 806 507 870 etque
527 795 618 866 illum,
633 811 699 851 cum
713 793 879 850 disserendo
892 811 944 868 per

160 911 223 950 esse
243 911 301 949 non
321 901 417 967 posset
437 891 613 967 (quanquam
634 888 688 947 suit
707 888 828 946 Crassus
848 889 878 946 in
893 908 945 946 nu·
1049 895 1050 960 ξ

160 1009 240 1048 mero
259 989 438 1057 disertorum,
459 988 510 1044 sed
530 1005 581 1062 par
604 987 702 1044 (tube
728 985 808 1042 nulio
831 985 943 1064 modo),

161 1086 197 1142 ed
218 1095 347 1142 suctores
367 1083 541 1159 confugisse,
554 1093 584 1140 et
604 1082 643 1152 id,
657 1080 731 1157 quod
750 1082 808 1158 ipse
823 1080 944 1152 diceret,
1049 1091 1050 1094 ’

161 1181 233 1238 etin
247 1181 278 1238 P.
293 1180 396 1251 Mucii,
411 1179 503 1236 fratris
522 1179 578 1250 sui,
593 1179 681 1248 libris,
696 1188 725 1235 et
745 1178 774 1234 in
791 1179 857 1236 Sex.
872 1177 945 1236 AElii
1049 1197 1050 1246 ι

116 1290 147 1339 lu
161 1277 384 1346 commentariis,
417 1275 554 1351 scriptum
587 1275 747 1350 protulisse,
781 1293 815 1332 nc
847 1284 945 1332 tamen

162 1374 349 1443 concessisse,
369 1372 469 1428 Gnlbae
496 1372 717 1447 disputationem
738 1370 791 1428 sibi
812 1370 945 1447 probabi·

161 1470 217 1528 lem
231 1484 260 1528 et
272 1488 357 1546 prope
371 1487 465 1525 rernm
480 1469 577 1525 rideri.

189 1661 292 1722 LVII.
322 1662 470 1735 Attamen,
483 1681 546 1737 quae
560 1679 654 1718 cause
669 1670 735 1717 runt
747 1659 898 1736 ejusmodi,
912 1669 946 1718 ut

161 1761 197 1818 de
217 1780 315 1818 esrum
333 1761 397 1837 jure
416 1760 534 1818 dubium
555 1777 617 1815 esse
637 1776 693 1815 non
714 1757 812 1832 possit,
827 1757 946 1816 omnino

118 1867 148 1916 15
163 1857 191 1915 in
210 1857 350 1933 judicium
370 1856 467 1914 vocari
487 1875 545 1914 non
569 1854 669 1912 solent.
723 1852 803 1910 Num
824 1853 888 1928 quis
909 1871 946 1911 eo

161 1964 341 2023 testamento,
361 1953 439 2027 quod
458 1950 661 2027 paterfamilias
682 1960 747 2008 ante
768 1950 845 2020 secit,
859 1967 946 2026 quem

161 2050 188 2106 ei
209 2049 285 2105 filius
304 2059 389 2105 natus
408 2059 493 2117 esset,
514 2047 701 2104 hereditatem
722 2044 811 2122 petit?
841 2064 944 2104 nemo:

161 2144 229 2217 quin
255 2153 377 2213 constet,
405 2144 588 2219 agnascendo
614 2141 707 2216 rumpi
734 2151 944 2200 testamentum.

131 2293 133 2298 .
162 2239 241 2316 Ergo
269 2240 298 2296 in
325 2239 382 2295 hoc
408 2257 514 2314 genere
538 2237 611 2313 juris
633 2238 743 2313 judicie
765 2237 844 2294 nulle
869 2247 945 2298 sunt.

116 2346 148 2396 20
162 2336 245 2410 Licet
266 2336 352 2412 igitur
371 2335 486 2410 impune
500 2334 607 2391 oratori
621 2352 733 2392 omnem
749 2334 823 2390 huuc
836 2344 944 2409 purtem

160 2433 232 2509 juris
261 2431 494 2510 [incontroversi]
521 2430 664 2507 ignorare,
691 2448 752 2504 que
786 2448 851 2504 pars
883 2429 947 2487 sine

163 2529 250 2586 dubio
264 2528 354 2586 multo
368 2528 492 2584 maxima
505 2537 564 2584 est:
587 2527 616 2584 in
630 2543 665 2582 eo
680 2535 774 2583 nutem
785 2525 859 2601 jure,
871 2525 945 2599 quod

163 2626 316 2701 ambigitur
342 2625 415 2683 inter
441 2606 636 2700 peritissimds,
664 2642 722 2680 non
755 2633 798 2680 est
830 2622 946 2680 umore

143 2722 275 2800 oratori,
289 2722 351 2798 ejus
371 2721 466 2798 partis,
488 2739 697 2796 quemcumque
717 2719 861 2790 defendat,
881 2737 946 2775 nuo·

117 2832 149 2882 25
162 2829 253 2875 torem
275 2818 397 2893 ediquem
418 2817 561 2887 invenire3
588 2835 681 2892 aquo
702 2834 769 2872 cum
790 2822 946 2872 amentatus

164 2916 259 2972 hestns
280 2914 433 2991 acceperit,
455 2914 514 2991 ipse
535 2932 584 2970 eas
603 2913 726 2970 oratoris
747 2910 863 2969 lacertis
882 2909 948 2969 riri»

165 3012 273 3088 busque
291 3011 452 3087 torquebit:
478 3010 534 3070 nisi
556 3027 623 3079 vero
648 3007 738 3086 (hond
758 3006 843 3072 tenid
862 3005 950 3086 hujus
