2109 3417
635 203 646 230 h

124 270 179 328 1⁰0
449 279 493 333 be
514 279 677 334 omnent.
855 345 857 350 ¹
880 282 949 347 [nt.

169 427 239 485 alias
249 429 420 504 equitatem,
431 433 585 492 defendere
596 433 743 492 docentur.
785 430 822 492 Et
835 433 948 515 (credo)
1045 495 1046 500 χ

168 522 197 580 in
226 524 274 582 itta
301 527 398 584 militis
424 530 522 601 causti,
557 530 580 586 si
607 541 637 587 tu
666 540 714 587 aut
741 529 873 587 heredem
902 541 951 588 aut

168 620 286 678 militem
308 623 492 696 defendisses,
513 627 547 682 ad
569 627 744 684 Hostilianas
764 637 792 683 te
814 627 949 698 actiones,
1047 649 1048 708 j

167 735 225 772 non
248 719 281 774 ad
302 729 380 798 tuam
396 721 452 776 vim
472 732 501 778 et
521 723 672 779 oratoriam
695 723 868 793 facultatem,
884 743 951 780 con·

135 813 289 873 ttulisses.
343 815 391 872 Tu
419 836 495 889 vero,
518 819 561 875 vel
582 819 606 875 si
625 829 825 876 testamentum
853 819 951 876 defen·

167 911 259 980 denes,
274 910 317 967 sic
338 931 446 987 ageres,
465 924 496 969 ut
516 932 601 972 omne
622 915 749 970 omnium
770 925 951 972 testamento·

167 1025 229 1064 rum
248 1007 295 1082 jus
315 1008 343 1065 in
365 1028 400 1066 eo
416 1010 526 1085 judicio
547 1010 669 1084 positum
687 1011 845 1080 videretur;
866 1011 909 1066 rel
925 1011 950 1068 si

166 1121 282 1160 causam
311 1123 410 1180 ageres
435 1105 543 1174 militis,
568 1117 676 1180 patrem
704 1106 765 1182 ejus
789 1105 834 1182 (ut
859 1106 948 1186 soles)

166 1198 290 1256 dicendo
317 1219 334 1257 a
360 1201 478 1257 mortuis
504 1201 675 1271 excitasses;
710 1202 856 1259 statuisses
883 1211 950 1259 ante

119 1313 151 1361 10
166 1284 283 1353 oculos:
316 1297 480 1370 complexus
506 1307 582 1354 esset
608 1297 708 1369 filium,
732 1298 858 1372 flensque
882 1315 950 1356 eum

166 1392 352 1449 centumviris
372 1393 615 1450 commendasset:
637 1393 754 1468 lapides,
774 1394 949 1466 mehercule,

165 1505 267 1544 omnes
292 1489 360 1545 flere
388 1507 423 1545 ac
448 1489 597 1546 lamentari
625 1491 777 1566 coegisset,
799 1501 832 1548 ut
855 1500 950 1549 totum

165 1581 247 1655 illud,
271 1585 343 1641 “uti
370 1585 468 1662 linguai
495 1587 719 1660 nuncupdsset,''
746 1588 856 1645 nonin
877 1587 947 1647 XII.

165 1682 280 1753 tabulis,
295 1701 365 1756 quas
385 1692 415 1740 tu
435 1682 568 1738 omnibns
589 1683 770 1740 bibliothecis
787 1685 948 1760 anteponis,

119 1795 150 1847 15
165 1777 260 1835 sedin
275 1778 401 1856 magistri
416 1779 543 1836 carmine
557 1779 693 1854 scriptum
708 1779 857 1839 rideretur.

204 1970 311 2028 LVIII.
343 1970 419 2028 Nam
440 1971 515 2045 quod
538 1971 669 2029 inertiam
692 1989 811 2030 accusas
839 1972 949 2032 adoles-

164 2069 301 2137 centium,
322 2067 371 2142 qui
397 2067 479 2124 istam
508 2078 607 2139 artem,
627 2068 749 2143 primum
771 2069 947 2143 sacilIImam,

164 2181 222 2220 non
243 2164 389 2231 ediscant;
410 2181 473 2236 quae
493 2181 577 2236 quam
592 2163 628 2220 sit
643 2163 743 2234 facilis,
759 2165 800 2222 illl
815 2166 947 2238 viderint,

164 2261 212 2336 qni
233 2260 295 2335 ejus
316 2261 383 2316 artis
405 2259 577 2334 arrogantie,
599 2260 679 2334 quasi
706 2261 874 2320 difficillima
899 2264 947 2334 sit,

117 2367 149 2416 20
166 2357 205 2413 ita
237 2355 349 2412 subnixi
385 2356 546 2426 ambulant;
580 2356 684 2413 deinde
716 2358 800 2414 etiam
828 2367 858 2414 tu
886 2358 947 2433 ipse

164 2453 278 2521 videris,
293 2452 341 2526 qui
361 2469 423 2508 eam
445 2461 533 2508 artem
555 2453 668 2510 facilem
689 2471 751 2510 esse
765 2453 847 2525 diois,
862 2473 946 2529 quam

164 2547 302 2606 concedis
329 2548 422 2604 adhuc
450 2557 539 2606 artem
566 2549 684 2606 omnino
710 2567 769 2606 non
798 2567 870 2622 esse,
896 2551 946 2608 sed

165 2645 326 2719 aliquando,
341 2644 364 2700 si
378 2645 442 2718 quis
456 2645 540 2702 aliam
562 2656 648 2704 artem
670 2645 811 2719 didicerit,
826 2659 857 2705 ut
871 2647 947 2706 hane

165 2751 253 2797 artem
286 2741 400 2797 efficere
434 2741 533 2814 possit,
561 2753 621 2799 tum
654 2761 717 2802 esse
751 2743 828 2801 illam
857 2755 944 2801 artem

118 2837 303 2902 salutatam:
331 2838 444 2908 deinde,
466 2838 542 2911 quod
563 2839 600 2895 sit
618 2839 702 2914 plena
728 2840 944 2898 delectationis:

165 2934 195 2992 in
209 2935 264 3008 qut
276 2934 329 2991 tibi
343 2935 491 2992 remittunt
508 2953 608 2992 omnes
625 2936 706 2994 istam
715 2938 901 3012 uoluptatem,
916 2945 946 2994 et

164 3031 200 3088 etl
213 3048 244 3088 se
257 3014 354 3089 carere
366 3033 528 3107 patiuntur3
550 3049 605 3090 neo
619 3032 767 3108 quisquam
778 3042 820 3090 est
833 3049 945 3105 eorum,
