2109 3417
139 310 180 369 58
403 331 407 340 ·
461 318 504 367 nn
526 316 689 365 omnonn.
890 318 971 377 [un
1038 292 1039 297 ’

222 465 261 523 Ut
275 484 341 524 vero
355 476 522 538 statuamus,
538 485 582 538 ea,
596 485 658 542 quae
672 466 821 543 probandi,
836 466 969 538 docendi,

183 563 374 638 persuadendi
389 564 475 619 causa
497 564 620 620 dicenda
640 573 715 634 sunt,
729 562 969 637 quemadmodum

184 676 405 734 componamus3
428 659 455 715 id
473 669 516 715 est
537 658 580 715 vel
602 658 723 715 maxime
743 658 888 734 proprium
909 676 969 716 ora·

183 754 254 811 toris
279 754 445 829 prudentiae.
497 754 591 811 Multa
611 754 688 811 enim
709 764 866 811 occurrunt
888 772 969 830 argu-

154 858 170 905 5
184 859 296 907 menta:
317 850 415 921 multa,
431 869 493 924 quaa
507 848 538 906 in
552 850 676 909 dicendo
695 850 842 925 profutura
855 848 970 906 videan-

183 955 246 1003 tur:
274 944 325 1002 sed
345 964 445 1003 eorum
470 934 574 1021 partim
595 946 634 1002 ita
653 946 727 1003 levia
753 958 828 1015 sunt,
849 955 882 1001 ut
901 963 970 1002 con·

182 1041 337 1098 temnenda
362 1041 436 1098 sint:
457 1041 583 1116 partim,
610 1040 697 1097 etiam
720 1040 743 1097 si
767 1040 835 1117 quid
862 1040 970 1099 habent

184 1137 350 1214 adjumenti,
372 1146 439 1193 sunt
457 1155 664 1211 nonnunquam
685 1137 834 1213 ejusmodi,
848 1148 880 1194 ut
900 1136 970 1195 insit

182 1233 213 1290 in
235 1233 270 1291 iis
290 1232 395 1307 aliquid
417 1233 495 1303 vitii3
522 1251 617 1307 neque
641 1234 712 1290 tanti
734 1233 771 1291 sit
791 1233 871 1305 illud,
891 1235 969 1309 quod

139 1342 170 1390 10
181 1328 317 1405 prodesse
337 1329 476 1400 videatur,
497 1338 530 1386 nt
549 1348 615 1385 eum
638 1328 735 1404 aliquo
753 1329 828 1386 maio
849 1328 969 1405 conjun-

181 1435 273 1503 gatur.
313 1426 390 1487 Quae
411 1435 506 1482 autem
526 1434 594 1482 sunt
613 1425 695 1482 utilia
722 1436 805 1499 atque
823 1424 922 1497 firma,
943 1425 968 1482 si

182 1540 217 1579 ea
239 1531 334 1579 tamen
360 1520 406 1597 (ut
428 1539 503 1596 saepe
526 1518 572 1599 fit)
598 1521 680 1578 valde
704 1520 792 1577 multa
815 1530 897 1590 sunt3
922 1538 968 1592 ea,

182 1638 245 1693 quoe
265 1636 301 1675 ex
321 1618 356 1675 iis
377 1628 426 1675 aut
445 1617 589 1674 levissima
605 1626 680 1688 sunt,
696 1626 744 1673 aut
759 1616 820 1673 aliis
833 1616 971 1691 graviori-

182 1713 236 1771 bus
256 1713 427 1783 consimilia,
448 1711 561 1768 secerni
582 1712 702 1768 arbitror
724 1722 864 1785 oportere,
884 1722 972 1786 atque

138 1827 169 1877 15
182 1828 218 1868 ex
242 1810 372 1868 oratione
398 1806 547 1865 removeri.
599 1806 739 1882 Equidem
767 1826 832 1864 eum
860 1808 970 1885 colligo

183 1914 351 1982 argumenta
382 1922 543 1975 cansarum,
571 1922 631 1961 non
659 1913 718 1961 tam
750 1921 786 1961 ea
817 1922 971 1963 numerare

92 2050 96 2057 .
181 2002 271 2075 soleo,
285 2021 370 2078 quam
384 2002 554 2079 expendere.

181 2266 183 2269 Α
221 2193 375 2252 LXXVII.
404 2195 444 2251 Et
458 2195 592 2269 quoniam
611 2194 701 2271 (qnod
722 2213 797 2270 sape
814 2195 871 2272 jam
893 2195 969 2275 dixi)

181 2289 273 2347 tribus
299 2290 385 2347 rebus
417 2289 544 2370 [omnes]
575 2290 610 2347 ad
638 2300 763 2347 nostram
797 2292 971 2349 sententiam

136 2406 169 2456 20
182 2385 374 2462 perducimus,
396 2397 445 2443 aut
468 2386 609 2457 docendo,
632 2395 680 2443 aut
706 2386 897 2456 conciliando,
921 2398 971 2444 aut

181 2482 384 2559 permovendo,
399 2502 457 2539 una
475 2502 510 2539 ex
530 2482 663 2540 omnibus
683 2482 728 2537 his
746 2482 831 2539 rebus
850 2500 896 2539 res
909 2502 970 2557 prae

182 2578 267 2636 nobis
292 2589 336 2635 est
363 2578 489 2662 ferenda,
512 2588 543 2635 ut
569 2577 640 2634 nihil
668 2576 755 2647 aliud,
779 2577 835 2634 nisi
862 2578 971 2636 dooere

182 2674 255 2731 velle
275 2675 438 2733 videamur:
462 2675 578 2749 reliqum
599 2674 672 2744 duae,
694 2674 779 2730 sicuti
800 2674 918 2750 sanguis
940 2674 971 2731 in

182 2770 359 2847 corporibus,
373 2771 416 2829 sic
430 2769 485 2828 iliae
499 2770 528 2826 in
542 2768 686 2845 perpetuis
706 2769 883 2826 orationibus
897 2770 972 2827 fursee

136 2876 169 2928 25
183 2884 247 2923 esse
273 2866 425 2925 debebunt.
472 2865 550 2923 Nam
576 2875 605 2922 et
630 2864 781 2939 principia,
808 2874 838 2921 et
864 2874 972 2922 oeterae

182 2972 278 3041 partes
303 2963 452 3036 orationis,
478 2962 514 3019 de
541 2960 644 3036 quibus
670 2961 756 3038 paulo
782 2970 847 3037 post
874 2978 974 3039 pauca
