2109 3417
132 321 227 388 ama
412 326 456 375 nn
476 328 641 376 unisona.
921 319 959 379 ut

132 475 164 534 in
195 477 303 553 optimd
335 478 400 535 med
432 478 520 535 oausd
553 478 712 536 libertatem
745 476 914 536 recusandi:

133 584 304 648 quanquam,
338 573 367 631 in
399 574 550 651 partiendi
567 574 774 650 disputatione
806 574 914 645 noers,

132 686 199 725 oum
220 669 284 741 sibi,
301 670 338 728 de
357 670 392 727 iis
412 689 475 746 que
495 670 555 728 dioi
576 671 611 728 ab
631 681 744 729 oratore
763 680 913 745 oporteret,

133 775 267 836 sumeret,
282 766 352 823 mihi
373 777 466 823 autem
487 766 670 841 relinqueret,
685 777 716 823 ut
731 767 913 842 explicarem,

132 861 371 935 quemadmodum
392 862 442 919 illa
460 862 556 919 ornari
577 872 735 938 oporteret3
756 882 791 920 ea
808 862 945 935 dinisius

131 974 194 1031 que
219 957 350 1033 sejunota
379 977 442 1015 esse
468 976 526 1015 non
554 969 679 1034 possunt.
733 958 820 1030 Nam,
847 978 914 1017 oum

126 1053 223 1111 'omnis
242 1072 278 1111 ea
297 1072 329 1111 re
349 1064 433 1129 atque
453 1054 547 1111 verbis
568 1064 679 1113 constet
692 1055 799 1125 orati0;
821 1072 914 1130 neque

129 1149 217 1207 verba
233 1150 330 1206 sedem
351 1150 456 1208 habere
475 1162 603 1225 possunt,
618 1151 642 1207 si
657 1169 715 1208 rem
730 1150 913 1224 subtraxeris,

128 1262 223 1319 neque
236 1264 281 1303 res
294 1246 401 1317 iumen,
415 1246 440 1303 si
454 1247 540 1303 verba
553 1246 714 1305 semoveris.

169 1340 216 1397 Ao
235 1341 306 1398 mihi
326 1343 440 1415 quidem
461 1354 572 1398 veteres
591 1342 643 1412 iili,
664 1342 755 1418 majus
778 1343 912 1416 quiddam
928 1352 959 1403 lt

125 1436 227 1493 animo
247 1436 399 1513 complexi,
414 1438 504 1493 multo
522 1438 587 1512 plus
601 1438 686 1494 etiam
700 1437 804 1494 vidisse
817 1438 914 1495 viden·

125 1541 185 1603 tur,
199 1552 283 1606 quam
304 1544 441 1609 quantum
462 1545 623 1590 nostrorum
640 1532 819 1609 ingeniorum
834 1533 912 1591 acies

126 1627 234 1687 intueri
254 1640 363 1708 potest3
391 1629 440 1704 qui
467 1629 566 1686 omnia
592 1628 664 1698 haeo,
684 1646 746 1703 qum
773 1646 858 1703 supra
883 1638 913 1685 et

125 1724 236 1795 subter,
257 1744 346 1781 unum
372 1743 445 1795 esse,
466 1734 495 1782 et
521 1724 579 1781 und
599 1723 627 1780 vi
649 1734 733 1799 atque
759 1723 818 1780 und
844 1742 910 1781 oon·

126 1819 263 1876 sessione
282 1830 391 1879 naturae
410 1820 568 1879 constricta
581 1838 643 1877 esse
657 1820 798 1877 dixerunt.
838 1818 867 1877 N
870 1818 911 1875 ul·
927 1832 958 1883 15

128 1915 187 1973 lum
207 1926 252 1973 est
271 1917 459 1994 euim‘genus
478 1935 584 1987 rerum,
604 1916 681 1991 quod
708 1926 756 1973 aut
783 1916 910 1973 avulsum

128 2029 146 2069 a
165 2012 270 2070 ceteris
288 2031 338 2089 per
357 2013 482 2089 seipsum
502 2023 645 2083 constare,
666 2022 723 2081 aut,
737 2030 794 2086 quo
814 2022 912 2069 oetera

125 2107 153 2165 si
179 2119 306 2180 osreaut,
327 2108 384 2165 rim
410 2127 492 2166 suam
519 2118 605 2183 atque
631 2107 816 2165 aeternitatem
844 2126 910 2165 oon·

126 2221 239 2263 servare
252 2205 370 2281 possint.

166 2392 218 2452 VI.
250 2394 307 2451 Sed
334 2394 358 2452 si
385 2394 448 2452 heo
474 2394 565 2471 major
596 2411 659 2451 esse
688 2392 762 2451 ratio
787 2393 907 2466 videtur,
924 2404 956 2454 2⁰

126 2506 212 2564 qaam
232 2500 265 2545 ut
283 2489 431 2548 homiuum
450 2491 538 2565 possit
558 2507 643 2547 sensu
665 2499 714 2548 aut
734 2490 909 2566 cogitatione

126 2584 348 2660 eomprehendi3
380 2596 424 2643 est
446 2586 533 2643 etiam
558 2585 607 2643 ilia
629 2584 757 2643 Platonis
779 2604 855 2657 vera,
878 2596 908 2645 et

125 2680 190 2752 tibi,
218 2679 331 2753 Catule,
358 2690 436 2739 oerte
461 2699 521 2737 noa
547 2680 676 2740 inaudita
701 2699 765 2752 vox,
792 2699 907 2740 omnem

124 2776 286 2836 doctrinam
319 2775 419 2834 harum
449 2776 637 2854 ingenuarum
664 2786 693 2835 et
719 2778 906 2836 humanarum

124 2874 230 2932 artium
243 2891 303 2931 uno
321 2873 444 2949 quodam
464 2873 610 2937 societatis
624 2873 737 2932 vinoulo
755 2873 905 2933 contineri.
921 2878 953 2930 ἰῶ

124 2969 183 3028 Ubi
208 2969 286 3031 enim
311 2979 460 3047 perspeatu
481 2969 526 3029 ris
548 2979 592 3027 est
614 2968 732 3029 rationis
755 2968 825 3046 ejus,
848 2969 907 3044 qud

81 3073 86 3083 ’
126 3083 220 3126 aman
239 3084 334 3129 reram
354 3076 439 3142 atqua
456 3065 551 3125 exitus
573 3075 796 3145 cognosountur,
816 3064 906 3125 muas
