2109 3417
120 286 193 347 n.1.]
403 286 447 333 nn
469 284 634 332 onarons.
917 266 960 325 57

119 438 185 495 sine
205 436 404 513 designatione
421 452 605 512 personarum
619 447 649 492 et
661 442 839 509 temporum3
861 440 910 490 aut

120 535 159 592 de
179 552 211 591 re
231 534 318 591 certis
338 534 368 590 in
388 533 518 609 personis
543 552 577 590 ao
603 531 778 607 temporibus
803 530 908 588 locati.

120 630 158 687 In
179 630 299 705 utrique
320 640 413 687 autem
435 648 465 686 re
486 628 626 704 quidquid
640 628 670 684 in
684 628 909 684 controversiam

121 727 228 800 veniat,
243 727 273 783 in
287 746 322 783 eo
336 726 424 801 quaeri
439 726 541 797 solere,
557 735 605 782 aut
622 724 768 781 factumne
788 724 834 794 sit,
851 735 908 794 aut,

121 822 147 880 si
168 832 211 879 est
232 823 348 894 factum,
367 822 451 897 quale
471 822 517 891 sit,
540 831 588 878 aut
608 821 772 896 etiamque
792 820 941 877 nominet

119 929 250 991 vocetur,
278 930 336 989 aut,
364 920 439 993 quod
474 918 605 975 nonnulli
640 919 757 988 addunt,
792 928 909 975 rectene

121 1015 229 1075 laetum
252 1034 314 1072 esse
334 1016 472 1073 rideatur.
527 1015 659 1073 Existere
680 1026 774 1071 autem
797 1025 910 1072 oontro·

121 1112 230 1169 versias
250 1112 336 1169 etiam
357 1131 392 1169 ex
412 1112 511 1188 scripti
539 1112 781 1188 interpretatione,
802 1111 832 1168 in
853 1114 930 1186 quo'

123 1218 173 1266 aut
188 1210 319 1285 ambigue
334 1210 401 1283 quid
415 1210 451 1265 sit
466 1209 614 1283 scriptum,
629 1218 677 1265 aut
691 1208 845 1279 eonuarie,
860 1219 909 1265 aut

122 1303 174 1374 ita,
189 1313 220 1359 ut
235 1323 251 1361 a
264 1304 406 1361 sententiis
423 1304 559 1379 scriptum
575 1303 727 1373 dissideat3
749 1303 793 1360 his
815 1316 908 1361 autem
925 1306 957 1356 ¹⁰

119 1399 257 1455 ‘omnibus
276 1400 404 1475 partibus
428 1400 557 1475 subjecta
581 1400 709 1474 quaedam
736 1418 800 1456 esse
827 1418 906 1476 argu·

122 1506 221 1553 menta
252 1496 375 1572 propria.
430 1495 488 1552 Sed
508 1514 685 1567 eausarum,
712 1515 775 1570 quos
808 1497 865 1553 sint
892 1516 907 1554 a

122 1592 270 1649 cummuni
291 1592 447 1667 questione
467 1592 613 1667 sejunctae,
628 1593 730 1668 partim
746 1594 775 1649 in
791 1594 909 1668 judiciis

122 1689 239 1759 uersari,
261 1688 361 1764 partim
383 1688 413 1746 in
434 1688 706 1745 deliberationibus:
733 1708 795 1745 esse
823 1690 909 1746 etiam

122 1804 215 1861 genus
235 1785 360 1856 tertium,
375 1786 451 1859 quod
473 1785 501 1841 in
522 1785 675 1842 laudandis
689 1795 737 1843 aut
750 1786 911 1861 vituperan·
925 1788 957 1837 15

123 1881 169 1937 dis
189 1880 353 1938 hominibus
373 1891 543 1957 poneretur:
567 1890 717 1955 certosque
737 1901 799 1939 esse
820 1882 908 1954 locos,

122 1976 228 2053 quibus
249 1976 278 2033 in
295 1976 413 2053 judiciis
435 1987 590 2047 uteremur,
611 1976 640 2034 in
662 1977 764 2051 quibus
791 1979 909 2053 aequitas

122 2082 314 2148 quareretur:
337 2074 407 2130 alios
422 2073 451 2130 in
465 2072 730 2146 deliberationibus,
744 2076 792 2150 qui
809 2094 910 2133 omues

123 2170 159 2247 ad
180 2170 330 2227 utilitatem
359 2170 551 2245 dirigerentur
578 2188 687 2241 eorum,
711 2173 815 2247 quibus
842 2192 910 2231 con·

122 2266 218 2323 silium
240 2266 389 2335 daremus3
413 2266 482 2323 alios
503 2267 571 2323 item
591 2268 621 2324 in
641 2268 864 2341 laudationibus,
879 2271 907 2327 in
924 2272 963 2321 2⁰.

122 2362 227 2436 quibus
249 2362 283 2419 ad
304 2380 488 2437 personarum
513 2363 681 2439 dignitatem
707 2366 805 2423 omnia
824 2367 909 2423 reser-

121 2467 229 2515 rentur.
277 2458 409 2533 Cumque
436 2468 510 2515 esset
537 2460 631 2517 omnis
658 2462 779 2519 oratoris
804 2463 847 2519 ris
875 2482 909 2520 ac

122 2553 245 2613 facultas
265 2552 294 2611 iu
312 2555 436 2629 quinque
457 2566 551 2630 partes
572 2556 732 2628 distributa,
747 2567 778 2614 ut
792 2558 909 2616 deberet

120 2650 248 2724 reperire
266 2650 400 2725 primum,
422 2652 490 2725 quid
511 2652 636 2723 diceret,
664 2654 769 2710 deinde
793 2654 909 2713 inventa

121 2764 183 2804 non
203 2746 294 2804 solum
315 2748 425 2819 ordine,
444 2748 494 2804 sed
514 2749 600 2807 etiam
621 2760 767 2807 momento
787 2752 909 2825 quodam
925 2759 957 2806 25

121 2852 209 2917 atque
230 2842 340 2919 judicio
354 2845 519 2920 dispensare
538 2855 623 2920 atque
637 2864 826 2922 componere3
848 2856 910 2903 tum

122 2958 159 2996 ea
179 2939 303 3015 denique
323 2941 427 2998 vestire
448 2951 533 3017 atque
553 2960 656 2998 ornare
676 2942 822 3010 oratione;
845 2950 911 3013 post

122 3036 264 3095 memorie
284 3035 394 3113 sepire;
417 3037 451 3095 ad
465 3048 625 3096 extremum
640 3055 725 3115 agere
739 3054 806 3095 oum
819 3030 912 3108 digni-
