2109 3417
126 238 183 300 144
444 245 487 295 na
511 245 675 294 carrona.
878 247 918 306 [a.
928 247 961 294 11.

172 393 257 454 militi
276 393 393 469 prodest
413 394 536 470 aliquid:
557 394 608 452 sed
630 394 741 452 animus
762 412 829 452 acer
849 404 878 452 et
891 413 964 471 prae·
1029 469 1030 494 1

173 510 250 562 aens,
274 501 303 548 et
331 501 433 550 acutus
459 492 535 548 idem
564 502 648 565 atque
673 501 812 561 versutus,
837 490 963 550 invictos

174 587 250 645 viros
263 587 361 658 efficit,
376 606 433 646 non
447 587 593 646 difficilius
608 597 667 644 arte
682 586 844 663 conjuncti.

212 683 313 745 Quare
333 702 388 760 ego
409 684 461 740 tibi
477 693 620 742 oratorem
635 683 677 740 sic
689 683 747 759 jam
762 683 921 756 instituam,
936 685 963 742 si

140 791 157 840 5
172 790 283 855 potero,
297 790 339 852 ut,
352 780 423 855 quid
443 781 558 838 efficere
578 780 677 855 possit,
693 790 760 836 ante
777 780 960 855 perspiciam.

173 878 219 936 Sit
238 877 316 934 enim
336 877 406 934 milri
425 877 534 934 tinctus
553 876 660 946 literis;
689 876 811 933 audierit
836 876 960 951 aliquid3
1034 935 1035 958 ,

172 973 291 1050 legerit3
319 972 374 1030 ista
393 973 455 1049 ipsa
481 983 625 1049 praecepta
653 972 813 1048 acceperit:
841 974 962 1030 tentabo
1034 959 1035 976 ¹

172 1069 241 1145 quid
261 1070 373 1140 deceat,
387 1068 456 1144 quid
477 1087 558 1140 voce,
573 1069 641 1142 quid
662 1069 780 1140 viribus,
795 1069 862 1143 quid
880 1069 962 1144 spiri·

172 1175 214 1235 tu,
234 1165 302 1240 quid
322 1165 423 1241 linguai
449 1165 564 1222 efficere
590 1165 686 1240 possit.
741 1165 773 1221 Si
801 1165 961 1242 intelligam

127 1273 157 1322 ιο
171 1276 255 1337 posce
270 1261 304 1318 ad
318 1279 445 1318 summos
458 1261 618 1336 pervenire,
633 1279 690 1318 non
706 1261 797 1318 solum
813 1261 960 1334 hortabor,

172 1369 204 1417 ut
217 1357 354 1426 elaboret,
368 1357 418 1412 sed
438 1358 536 1426 etiarn,
551 1356 574 1414 si
589 1357 630 1412 vir
645 1375 757 1431 quoque
778 1356 847 1413 mihi
867 1358 961 1415 bonus

172 1452 324 1525 videbitur,
345 1453 520 1510 obsecrabo:
542 1462 654 1510 tantum
674 1471 729 1530 ego
749 1453 779 1510 in
800 1453 962 1510 excellente
1013 1465 1015 1470 '
1040 1492 1041 1498 κ

174 1559 295 1621 oratore,
316 1560 346 1606 et
365 1548 466 1606 eodem
492 1548 552 1606 viro
579 1549 665 1619 bono,
686 1567 762 1625 pono
788 1567 852 1606 esse
878 1569 963 1608 orna·

173 1645 262 1704 menti
290 1645 428 1704 universae
460 1644 578 1702 civitati.
633 1645 685 1702 Sin
713 1645 864 1716 videbitur,
893 1665 962 1704 cum

129 1757 160 1807 15
175 1744 272 1800 omnia
291 1761 401 1807 summa
422 1741 531 1811 fecerit,
547 1753 642 1800 tamen
664 1741 699 1798 ad
720 1741 880 1798 mediocres
900 1762 964 1800 ora·
1042 1735 1043 1746 ¹

175 1851 251 1897 tores
270 1857 333 1895 esse
352 1849 504 1907 venturum
525 1837 687 1912 permittam
708 1837 771 1913 ipsi,
787 1838 855 1911 qnid
876 1839 962 1909 velit;

176 1936 313 1992 molestus
339 1953 513 2011 magnopere
541 1953 599 1990 non
627 1951 685 1990 arc.
728 1934 780 1990 Sin
804 1934 889 2009 plane
916 1937 965 1992 ab·

176 2030 310 2103 horrebit,
328 2025 361 2087 'et
379 2031 434 2088 erit
454 2030 610 2099 absurdum
632 2040 663 2086 ut
683 2047 713 2086 se
734 2031 891 2101 contineat,
914 2042 964 2089 aut

176 2127 212 2184 ad
233 2126 311 2184 aliud
330 2127 454 2183 studium
479 2126 640 2196 transferat,
663 2126 830 2184 admonebo.
884 2127 964 2185 Nam

128 2239 161 2290 ω
176 2241 270 2297 neque
296 2222 330 2293 ia,
358 2223 407 2297 qui
435 2223 542 2298 optime
569 2232 673 2298 potest,
701 2222 876 2280 deserendus
903 2225 964 2281 ullo

176 2319 264 2377 modo
284 2328 327 2377 est
347 2338 365 2376 a
384 2318 581 2376 cohortatione
608 2318 715 2389 nostrl,
736 2335 831 2394 neque
858 2318 893 2388 is,
914 2321 964 2395 qui

177 2414 284 2490 aliquid
297 2425 397 2490 potest,
410 2415 614 2484 deterrendum
635 2414 712 2489 quod
727 2415 846 2472 alterurn
862 2416 965 2475 divini·

176 2511 243 2575 tatia
263 2511 333 2568 mihi
354 2510 502 2587 cujusdam
531 2511 658 2581 videtur;
688 2511 818 2584 alterum,
840 2513 882 2570 vel
904 2533 964 2572 non

176 2608 271 2666 facere
291 2608 367 2682 quod
388 2625 446 2665 non
467 2607 575 2683 optime
595 2608 696 2684 possis,
711 2607 754 2664 vel
776 2608 871 2666 facere
886 2612 964 2684 quod

128 2717 159 2767 ὅ
175 2723 234 2762 non
254 2704 377 2780 pessime
401 2703 500 2774 facias,
520 2704 728 2773 humanitatis·¹
752 2706 866 2762 tertium
894 2725 963 2762 vero

175 2800 257 2872 illud,
270 2802 395 2859 clamare
409 2811 610 2876 contraquam
631 2802 741 2873 deceat,
756 2814 785 2859 et
799 2821 882 2876 quarn
897 2820 963 2875 poa-

175 2897 225 2971 aia,
239 2898 364 2959 hominis
383 2908 427 2955 est
447 2897 494 2975 (ct
513 2908 554 2969 tu,
576 2898 689 2969 Catule,
711 2898 746 2956 de
769 2897 892 2972 quodam
913 2898 963 2958 de·

176 2995 331 3076 clamatore
357 2994 468 3073 dixisti)
495 2994 622 3062 stultitiae
649 3015 710 3054 auae
738 2993 963 3072 quamplurimos
