2109 3417
118 294 148 341 L.
157 294 187 353 l.]
400 298 443 346 DE
466 295 630 345 ontronn.
667 368 672 387 Ι

117 453 149 500 et
172 444 221 519 qui
243 446 424 503 ascribendi
452 448 661 505 consuetudine
690 446 724 503 ad
751 444 908 503 dicendum

118 542 207 608 venit,
223 542 298 599 hauc
320 543 400 599 affert
421 544 597 615 facultatem,
612 554 652 613 ut,
667 544 754 600 etiam
774 543 869 599 subito
882 541 908 598 si

119 637 209 708 dicet,
223 647 319 695 tamen
341 640 399 709 illa,
417 658 479 714 quae
501 639 643 711 dicantur,
664 640 769 696 similia
789 638 908 714 scripto-

118 750 185 789 rum
205 753 267 791 esse
288 736 453 805 videantur;
476 746 560 811 atque
582 736 678 806 etiam,
697 736 721 792 si
742 735 857 810 quando
878 735 907 791 in

119 829 246 887 diceudo
273 832 409 907 scriptum
439 832 566 889 attulerit
590 832 707 907 aliquid,
729 851 795 888 cum
817 832 853 889 ab
873 838 938 888 eod

120 925 295 998 discesserit,
323 928 434 1002 reliqua
460 928 562 985 similis
588 929 680 985 oratio
707 936 906 1001 consequetur.

119 1020 160 1077 Ut
188 1023 331 1080 concitato
364 1024 490 1100 navigio,
521 1044 587 1081 cum
621 1025 744 1100 remiges
777 1024 908 1080 inhibue-

119 1127 197 1188 runt,
213 1119 316 1176 retinet
330 1131 426 1176 tamen
444 1120 506 1195 ipsa
525 1121 606 1177 navis
626 1130 734 1177 motum
750 1130 778 1176 et
792 1136 909 1176 cursum

121 1232 215 1285 suum,
244 1215 406 1273 intermisso
433 1216 541 1291 impetu
574 1217 714 1291 pulsuque
746 1234 907 1272 remorum:

122 1310 165 1366 ric
185 1310 213 1366 in
234 1312 364 1368 oratione
385 1313 532 1388 perpetui,
547 1331 614 1369 curn
634 1313 740 1387 scripta
760 1312 908 1383 deficiunt,
923 1324 954 1372 lt)

121 1424 218 1482 parem
245 1418 340 1465 tamen
373 1409 483 1465 obtinet
516 1409 608 1466 oratio
639 1410 750 1483 reliqua
782 1427 907 1480 cursum,

121 1502 294 1577 scriptorum
308 1503 495 1561 similitudine
509 1514 538 1560 et
551 1505 579 1561 vi
594 1505 747 1562 concitata.

161 1695 304 1753 XXXIV.
326 1695 361 1753 In
375 1697 550 1771 quotidianis
569 1708 663 1754 autem
684 1696 909 1773 cogitationibus

121 1792 254 1867 equidem
275 1792 345 1848 mihi
367 1775 597 1850 adolescentulus
611 1811 770 1868 proponere
784 1793 908 1850 solebam

122 1889 200 1945 illam
215 1889 449 1946 exercitationem
466 1889 597 1959 maxime,
613 1890 670 1963 qula
685 1890 719 1945 C.
734 1889 907 1959 Carbonem,
924 1894 955 1944 15

121 2000 250 2043 nostrum
273 1986 351 2042 illurn
374 1986 534 2056 inimicum,
555 1986 671 2042 solitum
692 2004 756 2042 esse
776 1986 817 2042 uti
837 1985 910 2041 scie·

124 2082 199 2154 barn,
220 2093 251 2139 ut
272 2091 320 2139 aut
342 2082 468 2139 versibus
494 2081 647 2156 propositis
674 2100 759 2155 quam
786 2082 909 2139 maxime

122 2179 265 2255 gravibus,
278 2188 326 2235 aut
339 2178 467 2235 oratioue
482 2178 576 2252 aliqui
591 2178 667 2235 lecti
682 2179 797 2234 adeum
812 2179 908 2250 linem,

123 2294 207 2349 quem
222 2275 361 2331 memorid
374 2292 487 2348 possem
502 2274 755 2349 comprehendere,
771 2294 834 2331 earn
849 2294 908 2332 rem

124 2370 222 2446 ipsam,
248 2388 332 2444 quam
354 2370 497 2446 legissem,
518 2371 612 2427 verbis
633 2370 696 2427 aliis
717 2389 801 2444 quam
822 2372 950 2427 maxi-2⁰

124 2486 168 2523 me
190 2484 304 2543 possem
324 2466 417 2537 lectis,
439 2466 672 2541 pronuntiarem:
693 2467 744 2523 sed
764 2480 828 2543 post
851 2467 910 2523 ani-

123 2562 271 2634 madverti,
287 2563 342 2619 hoc
363 2580 426 2619 esse
446 2562 476 2618 in
497 2562 554 2620 hoc
573 2562 645 2634 vitii,
660 2562 737 2637 quod
758 2582 793 2620 ea
812 2565 908 2635 verba,

123 2676 186 2734 quae
220 2660 341 2716 maxime
380 2660 518 2735 cujusque
555 2659 596 2717 rei
630 2660 754 2735 propria,
788 2680 909 2734 quaeque

124 2766 220 2813 esseut
233 2756 413 2813 ornatissima
435 2766 519 2830 atque
533 2756 650 2830 optima,
665 2758 845 2832 occupisset,
861 2767 910 2813 aut

124 2852 246 2924 Ennius,
268 2852 292 2909 si
317 2851 351 2909 ad
379 2852 440 2927 ejus
468 2871 565 2908 versus
592 2871 639 2907 me
665 2870 839 2923 exercerem,
862 2861 955 2910 aut25

123 2949 284 3019 Gracchus,
295 2948 319 3006 si
334 2948 395 3023 ejus
408 2948 565 3005 orationem
579 2947 651 3003 mihi
665 2947 737 3004 sorte
750 2945 911 3023 proposuis-

124 3064 200 3104 sem:
223 3046 272 3119 ita,
287 3044 311 3102 si
327 3044 428 3102 iisdem
442 3044 537 3103 uerbis
549 3054 656 3116 uterer,
668 3042 741 3100 nibil
757 3039 910 3117 prodesse;

360 3141 380 3198 6
