2109 3417
114 322 194 382 nur
361 315 366 337 ²
397 322 441 369 on
462 320 627 369 cursone.
910 311 944 367 tt

113 471 193 527 cium
212 463 351 527 vocabas:
379 470 483 527 deinde
506 469 666 545 principem
687 478 716 526 et
736 467 852 527 senatus
871 478 901 527 et

114 564 247 636 civitatis,
268 565 309 623 M.
338 566 498 636 AEmilium,
520 566 616 641 lapide
642 584 809 639 percussum
836 584 900 623 esse

113 662 278 719 constabat:
307 664 334 718 ri
354 662 468 736 pulsum
488 681 524 718 ex
544 661 648 737 templo
669 661 703 721 L.
724 661 852 732 Cottam,
870 672 899 719 et

112 756 150 814 Τ.
171 757 300 828 Didium,
322 777 387 815 cum
409 758 587 814 intercedere
615 757 718 815 vellent
745 758 887 834 rogationi

110 871 197 910 nemo
209 863 322 928 poterat
334 872 449 930 negare.
913 860 929 908 5

148 1044 290 1103 XLVIII.
322 1047 502 1118 Accedebat,
525 1057 558 1105 ut
575 1035 645 1107 ‚lraec
671 1058 703 1105 tu
731 1048 897 1107 adolescens

108 1161 160 1219 pro
172 1143 320 1218 republicis
334 1144 414 1217 queri
428 1144 540 1200 summit
554 1162 620 1201 cum
641 1144 781 1220 dignitate
801 1145 896 1201 existi-

108 1256 235 1307 marere;
257 1256 322 1314 ego,
340 1238 426 1295 homo
447 1239 605 1310 censorius,
621 1239 667 1295 vix
687 1240 755 1297 satis
776 1242 895 1297 honeste

107 1334 218 1391 viderer
233 1334 401 1391 seditiosum
421 1335 523 1405 civem,
538 1346 567 1393 et
581 1335 611 1393 in
625 1335 750 1392 hominis
766 1337 895 1394 consule·

107 1430 147 1486 ris
161 1430 324 1487 calamitate
338 1431 494 1501 crudelem,
504 1449 589 1505 posse
600 1430 761 1488 defendere.
803 1432 893 1490 Erant
911 1434 941 1482 1⁰

8 1525 10 1528 ’
106 1525 207 1600 optimi
227 1526 304 1583 cives
325 1526 447 1602 judices,
469 1527 609 1582 bonorum
631 1526 892 1601 virorumplenum

106 1622 209 1693 forum,
224 1622 271 1679 rix
285 1632 317 1679 ut
329 1622 400 1679 mihi
420 1621 515 1679 tenuis
535 1621 664 1695 quedam
679 1621 762 1678 venie
778 1622 892 1679 daretur

105 1718 310 1789 excusationis,
330 1718 408 1792 quod
428 1728 524 1773 tamen
545 1736 617 1779 eum,
632 1717 824 1788 defenderem,
843 1717 892 1791 qui

104 1814 175 1871 mihi
194 1826 318 1890 quaestor
339 1814 447 1873 fuisset.
489 1813 549 1871 Hic
570 1832 625 1890 ego
644 1814 713 1888 quid
733 1813 828 1870 dicam
846 1832 892 1869 me

105 1920 194 1967 artem
215 1912 339 1985 aliquam
362 1911 545 1967 adhibuisset
566 1911 633 1985 quid
654 1910 782 1981 fecerim,
796 1929 892 1967 narra·
907 1914 939 1962 15

103 2007 158 2063 bo:
179 2007 203 2063 si
223 2008 374 2083 placuerit,
391 2027 442 2064 vos
461 2026 554 2064 meam
576 2007 770 2064 defensionem
791 2006 821 2063 in
843 2007 891 2063 eli-

102 2121 160 2177 quo
181 2103 249 2160 artis
269 2104 336 2160 loco
356 2104 507 2179 reponetis.
557 2102 694 2159 Omnium
716 2102 890 2161 seditionum

101 2217 218 2274 genera,
238 2200 317 2270 vitra,
344 2200 473 2275 pericula
499 2198 614 2275 collegi,
642 2218 762 2273 eamque
788 2200 891 2257 cratio-

100 2312 168 2351 nem
183 2296 311 2353 exomni
325 2297 490 2373 reipublicae
504 2306 608 2352 nostrae
628 2306 788 2371 temporum
802 2296 890 2353 varie·

101 2400 161 2447 tate
188 2392 307 2466 repetivi
344 2392 539 2466 conclusique·
556 2392 605 2461 ita,
627 2404 657 2451 ut
678 2392 814 2463 dicerem,
836 2392 888 2454 etsi
904 2400 935 2449 2⁰

100 2506 203 2545 omnes
217 2487 342 2545 moleste
356 2508 468 2563 semper
482 2488 638 2545 seditiones
657 2489 785 2560 fuissent,
798 2490 888 2565 justas

100 2593 199 2640 tamen
226 2583 313 2640 fuisse
339 2585 502 2655 nonnullas,
529 2594 558 2640 et
584 2603 671 2659 prope
702 2586 887 2645 necessarias.

99 2677 181 2737 Tum
204 2678 262 2750 illa,
283 2698 346 2755 quae
373 2682 458 2737 modo
485 2681 608 2738 Crassus
635 2683 887 2753 commemorabat,

98 2775 165 2851 egi3
191 2793 287 2850 neque
313 2794 396 2852 reges
415 2794 451 2831 ex
471 2777 526 2833 hac
551 2776 665 2834 civitate
686 2776 772 2852 exigi,
794 2796 888 2851 neque

98 2872 232 2929 tribunos
253 2872 346 2947 plebis
374 2873 475 2946 creari,
496 2892 590 2948 neque
616 2872 775 2947 plebiscitis
803 2874 888 2931 toties
903 2880 934 2929 25
967 2898 970 2902 ·

98 2970 280 3027 consularem
300 2980 471 3045 potestatem
491 2968 594 3041 minui,
608 2988 702 3043 neque
714 2970 889 3045 provocatio·

98 3085 176 3141 nem,
190 3079 340 3144 patronam
361 3067 439 3127 illam
459 3067 584 3127 civitatis
599 3085 634 3125 ac
647 3066 791 3127 vindicem
805 3066 888 3123 liber·
