2109 3417
4 3098 7 3185 t

101 269 186 329 nn]
383 267 429 316 nu
451 265 614 316 ourronn.
878 259 936 320 mu

103 418 173 494 quid
195 416 394 494 appellandum
413 417 461 489 rit,
475 417 675 487 contenditur3
696 427 728 476 ut
741 417 813 477 mihi
834 417 888 494 ipsi
952 497 954 502 ,

104 534 173 572 euru
187 515 243 572 hou
256 514 387 590 Sulpicio
408 514 461 571 suit
474 513 504 570 in
518 513 650 572 Norbani
670 515 757 572 causi
778 535 889 574 summu

104 611 270 668 eontentio:
296 610 432 686 pleraque
457 610 535 668 euim
556 609 592 668 de
613 610 657 681 iit,
680 631 742 686 quae
770 613 806 668 ab
833 612 888 688 isto

103 707 323 784 objiciebantur,
357 725 423 764 eum
456 706 618 777 numitorem
652 717 747 764 tumen
776 708 811 764 ub
838 708 888 766 ilio

103 803 283 879 majestatem
302 802 441 872 minutum
460 803 618 879 negabam:
645 821 681 860 ex
707 821 764 878 quo
790 805 918 876 verbo,5

102 899 169 976 lege
190 899 323 974 Apuleiss,
343 909 405 956 totu
423 897 474 955 illa
492 917 580 956 eausa
600 899 750 974 pendebat.
792 900 888 975 Atque

103 995 134 1053 in
156 997 213 1052 hoe
231 1013 338 1070 genere
353 992 503 1052 causarum
518 994 647 1051 nonnulli
661 995 841 1071 precipiunt,
857 1007 888 1054 ut

104 1091 222 1148 verbum
237 1089 317 1161 iilud,
332 1090 406 1164 quod
420 1109 536 1147 caurum
551 1089 630 1161 fauit,
644 1091 740 1168 lucide
755 1091 889 1149 breviter-

103 1205 161 1261 que
180 1187 304 1244 definiat
345 1186 434 1247 Quod
455 1186 526 1242 mihi
543 1186 657 1261 quidem
671 1206 806 1262 perquam
821 1207 890 1263 pue·⁴

102 1283 157 1339 riie
171 1282 260 1340 videri
280 1282 369 1338 solet:
392 1282 447 1338 aliu
460 1293 504 1338 est
516 1283 603 1352 enim,
619 1300 684 1339 eum
700 1283 772 1341 inter
786 1284 888 1342 doctos
903 1293 935 1342 10

102 1364 244 1449 homines,
270 1378 307 1434 de
334 1377 369 1434 iis
395 1377 465 1454 ipsis
490 1379 575 1435 rebus
601 1397 663 1452 quie
685 1390 833 1436 versantur
858 1381 888 1438 in

103 1473 222 1544 artibus,
243 1473 412 1548 disputetur,
425 1474 575 1531 verborum
596 1474 739 1544 definitio;
762 1485 807 1546 ut,¹
820 1495 887 1535 eum

103 1569 248 1645 queritur,
275 1569 344 1645 quid
370 1569 407 1626 eit
433 1587 489 1640 ure,
514 1569 583 1644 quid
610 1570 647 1627 rit
673 1569 728 1640 lex,
755 1570 824 1645 quid
851 1571 888 1628 sit

91 1666 221 1723 emitur:
244 1665 391 1739 inquibus
411 1665 466 1723 hoe
487 1665 616 1740 praeeim‘t
634 1665 708 1722 ratio
722 1675 807 1742 utque
820 1666 888 1724 dou-

103 1761 190 1833 trinu,
204 1771 236 1818 ut
248 1761 291 1818 vis
303 1761 366 1838 ejue
379 1761 430 1832 rei,
444 1779 529 1836 quem
550 1760 678 1830 definies,
693 1759 736 1817 sie
750 1760 887 1835 exprime·
903 1761 934 1810 15

102 1867 160 1929 tur,
180 1866 212 1917 ut
231 1875 324 1932 neque
350 1856 424 1914 ebrit
448 1855 614 1931 quidquam,
635 1873 728 1936 neque
754 1856 884 1931 supersit.
922 1882 924 1888 ·
947 1849 951 1859 ’

102 1953 193 2016 Quod
203 1953 318 2028 quidem
332 1952 362 2010 in
377 1953 524 2010 illectum
539 1969 631 2026 neque
646 1951 793 2027 Sulpicius
807 1952 885 2024 fecit,

4 2074 5 2077 ¹
101 2067 197 2125 neque
216 2067 271 2127 ego
292 2049 387 2106 faeere
400 2058 522 2105 cunutus
535 2066 606 2105 sum.
646 2046 733 2118 Nam,
748 2058 885 2121 quantum

102 2156 222 2219 uterque
249 2144 377 2202 nestrum
404 2143 507 2220 potuit,
541 2143 619 2201 omni
652 2143 737 2218 eupit
770 2143 885 2203 dicendi

101 2240 240 2311 dilatavit,
262 2239 329 2315 quid
356 2249 431 2296 esset
458 2238 633 2315 majestatem
657 2238 794 2296 minuere.
836 2239 885 2296 Et-
901 2249 933 2298 2⁰

101 2336 179 2394 enim
205 2336 334 2393 definitio
360 2335 494 2411 primum,
514 2334 686 2409 reprehenso
710 2335 796 2391 verbo
817 2353 884 2406 uno,

102 2443 153 2489 eut
166 2432 272 2502 uddito,
287 2441 336 2488 aut
353 2431 459 2501 demto,
473 2448 549 2504 sepe
569 2442 752 2504 extorquetur
766 2449 782 2487 e
796 2432 886 2488 muni·

101 2529 172 2584 bus:
193 2527 298 2584 deinde
311 2545 417 2603 genere
437 2525 499 2601 ipso
512 2525 670 2583 doctrinam
686 2525 795 2583 redolet
808 2545 885 2582 exer-

101 2622 324 2698 citationemque
339 2641 421 2698 pene
434 2621 589 2696 puerilem:
610 2632 669 2680 tum
684 2621 755 2678 etin
770 2640 884 2679 sensum

100 2729 132 2776 et
152 2719 182 2776 in
202 2729 325 2776 mentem
345 2717 456 2794 ,judicis
476 2717 581 2774 intrare
603 2736 659 2774 nou
681 2727 791 2793 potest:
820 2729 886 2776 unte
901 2727 933 2778 ut>

101 2814 180 2872 enim
191 2814 409 2890 praeterlabitur,
424 2832 510 2889 quam
521 2823 659 2890 perceptu
672 2823 723 2872 ent

139 3005 257 3066 XXVI.
287 3005 346 3063 Sed
367 3004 397 3064 in
417 3023 452 3062 eo
472 3022 587 3082 genere,
610 3003 639 3062 iu
660 3021 728 3077 quo,
748 3003 831 3080 quule
850 3000 887 3057 eit
