2109 3417
104 227 165 294 'lto
424 247 468 295 on
488 247 653 295 onuuoeu.
672 215 676 225 ’
851 229 936 308 iun.

152 411 215 467 quae
227 394 402 470 temporibus
415 405 445 452 et
456 395 587 470 personis
605 405 708 454 notata
722 407 797 468 sunt,
812 394 868 453 hoe
881 405 935 467 est,

152 488 189 545 de
208 491 341 547 omnibus
368 490 536 562 forensibus,
557 491 608 548 sed
634 502 720 550 etrum
740 493 936 570 degenerum

152 575 273 640 infinitis
285 584 499 658 questionibus,
514 586 621 658 dicere,
635 586 746 644 nullum
765 595 936 662 potestesse

151 698 243 755 genus
256 680 403 752 orationis,
418 681 495 756 quod
507 682 545 740 sit
557 691 719 758 exceptum.
781 708 783 714 ¹

121 878 138 926 5
191 871 273 929 XVI.
305 874 363 930 Sed
390 873 414 931 si
438 874 515 932 ilium
540 893 652 950 quoque
674 884 783 951 purtem
806 874 936 950 questio·

153 988 222 1039 num
243 970 348 1027 oratori
368 971 498 1033 volumus
514 972 673 1048 adjungere
693 989 803 1048 vagam,
818 981 848 1028 et
867 971 936 1028 libe-

153 1083 228 1135 ram,
248 1075 277 1122 et
300 1065 356 1123 late
380 1076 535 1142 patentem,
559 1075 590 1124 ut
613 1067 649 1125 de
670 1068 757 1125 rebus
780 1066 863 1124 bonis
886 1075 936 1124 aut

154 1160 246 1231 malis,
273 1162 440 1236 expetendis
470 1171 518 1218 aut
552 1161 704 1238 fugiendis,
733 1161 859 1219 honestis
887 1171 937 1220 aut

66 1242 71 1249 ¹
154 1256 293 1331 turpibus,
315 1256 433 1321 utilibus
453 1266 502 1313 ant
522 1256 679 1334 inutilibus,
701 1257 737 1313 de
763 1256 876 1328 virtute,
898 1257 935 1314 de

108 1361 140 1408 1⁰
152 1351 272 1427 j'ustititi,
287 1352 323 1408 de
343 1351 531 1422 continentii,
546 1351 582 1408 de
601 1351 762 1428 prudentii,
776 1353 812 1410 de
827 1352 935 1429 magni·

154 1448 254 1504 tudine
269 1447 366 1518 animi,
381 1449 417 1504 de
437 1447 616 1519 liberalitate,
631 1449 667 1504 de
687 1448 802 1524 pietate,
817 1449 853 1504 de
868 1447 936 1505 arni·

155 1545 233 1614 citit,
255 1544 290 1599 de
317 1543 383 1615 fide,
404 1545 440 1600 de
466 1543 571 1614 officio,
592 1545 627 1601 de
651 1544 754 1602 ceteris
773 1544 935 1615 virtutibus,

155 1641 360 1715 contrariisque
380 1640 465 1712 vitiis,
484 1640 639 1697 dicendum
659 1640 765 1697 oratori
784 1651 935 1716 putemus:

123 1792 125 1797 s
154 1737 278 1813 itemque
292 1739 329 1795 de
342 1737 498 1812 republiob,
513 1737 550 1792 de
571 1735 700 1812 imperio,
715 1738 750 1794 de
764 1755 796 1794 re
810 1736 936 1808 militari,

109 1842 139 1890 15
149 1835 190 1890 .de
217 1834 368 1910 disciplina
395 1832 527 1903 civitatis,
553 1833 589 1889 de
616 1832 763 1890 hominum
789 1831 936 1902 moribus3

74 2003 78 2012 Ι
156 1929 331 1987 assumamus
351 1949 413 1986 earn
434 1947 545 2005 quoque
565 1939 684 2004 partem,
706 1929 755 1988 sed
777 1928 825 1999 ita,
847 1938 878 1985 ut
899 1929 938 1987 sit

92 2054 119 2090 [s
155 2022 373 2098 circumseripta
404 2025 524 2103 modieis
560 2024 732 2100 regionibus.
781 2023 937 2098 'Equidem

154 2121 259 2190 omnia,
281 2139 343 2194 quae
369 2121 512 2193 pertinent
534 2122 567 2178 ad
589 2139 670 2177 usum
692 2119 806 2190 civium,
828 2138 937 2202 rnorem

156 2218 310 2286 bominum,
331 2214 393 2298 quae
413 2228 560 2275 versantur
582 2217 610 2274 in
632 2216 840 2274 consuetudine
859 2207 937 2286 nitae,

109 2311 309 2368 minuatione
329 2312 503 2386 reipublicae,
517 2313 547 2369 in
569 2311 781 2369 hae-eooietate
803 2311 890 2380 oirili,
907 2311 938 2368 in

156 2427 241 2464 sensu
255 2407 401 2464 hominum
416 2408 573 2479 communi,
589 2408 617 2464 in
632 2408 742 2477 natura,
755 2407 784 2464 in
800 2405 937 2478 moribus,

156 2503 425 2579 comprehendenda
439 2522 501 2560 esse
516 2503 622 2560 oratori
640 2513 726 2578 puto:
747 2502 771 2558 si
785 2502 890 2573 minus,
906 2511 938 2559 ut

155 2599 306 2675 separatim
326 2599 363 2655 de
383 2599 427 2655 bis
446 2601 532 2664 rebus
551 2598 780 2675 philosophorum
801 2615 881 2656 more
894 2616 939 2654 re·

154 2697 309 2773 spondeat3
332 2705 360 2753 at
374 2706 461 2767 certe,
476 2706 507 2753 ut
521 2696 654 2752 incausti
674 2695 829 2770 prudenter
850 2694 939 2770 possit

109 2811 141 2862 25
156 2795 298 2852 intexere:
320 2793 400 2850 hisee
423 2803 517 2850 autern
539 2792 607 2867 ipsis
628 2792 663 2848 de
683 2792 768 2849 rebus
788 2801 819 2848 ut
838 2791 878 2848 ita
898 2790 939 2846 lo-

156 2902 320 2966 quatur,·-ut
340 2890 371 2961 ii,
392 2890 440 2965 qui
464 2890 537 2964 jura,
555 2887 607 2962 qui
629 2887 717 2964 leges,
738 2887 787 2962 qui
809 2886 940 2944 civitates

157 2988 375 3060 constituerunt,
395 2986 484 3045 locuti
509 2994 586 3058 sunt,
613 2983 778 3060 simpliciter
799 2993 827 3041 et
846 2982 941 3059 splen·
