2109 3417
121 331 216 398 um]
408 337 452 385 nn
473 339 640 387 emmone,
696 415 700 436 θ
903 329 958 388 171

123 486 237 544 videam
250 497 280 545 et
294 486 477 563 abjectamt”
511 489 589 551 Quae
603 489 646 546 sie
661 489 759 548 abillo
774 499 915 548 anteesse

125 583 286 656 constabat,
307 574 410 657 oeulis,
425 604 506 657 voce,
528 596 621 662 gestu,
644 586 754 644 inimici
774 597 805 644 ut
826 588 915 662 lacry-

125 698 187 736 mat
201 690 299 737 tenere
317 700 376 737 non
390 693 515 757 possent.
558 682 631 739 Haee
646 701 681 740 eo
695 683 763 740 dico
775 684 913 759 pluribus,

125 773 202 848 quod
217 793 308 850 genus
323 775 379 832 hoe
393 785 485 832 totum
496 787 635 848 materen,
647 778 696 852 qui
711 789 778 835 sunt
788 778 914 834 veritatis
973 827 976 832 .

126 869 216 944 ipsius
237 881 357 942 actores,
371 872 547 947 reliquerunt
556 894 563 943 ;
586 873 742 932 imitatores
762 884 856 932 eutem
870 880 945 932 ve-5

125 965 227 1039 uitatis,
243 967 406 1040 histriones,
420 979 643 1040 occupaverunt.

163 1161 256 1220 LVII.
297 1165 354 1234 Ao,
382 1154 445 1220 sine
472 1163 573 1234 dubio,·
598 1163 628 1221 in
662 1165 740 1222 omui
768 1165 914 1224 revincit
963 1175 964 1180 ’

125 1257 315 1314 imitationem
336 1259 455 1316 veritas:
485 1258 536 1315 sed
557 1279 591 1316 ea
611 1260 635 1316 si
660 1261 728 1318 satis
750 1262 779 1320 in
801 1262 915 1320 actione

124 1353 252 1411 efficeret
273 1354 333 1428 ipsa
352 1372 403 1429 per
424 1373 497 1424 sese,
512 1365 573 1411 erte
591 1357 721 1430 profecto
739 1376 798 1415 non
820 1377 916 1435 egere·

125 1467 198 1506 mus.
238 1449 358 1520 Verum,
370 1450 437 1524 quia
452 1450 539 1506 animi
554 1451 703 1526 permotio,
715 1472 778 1526 quae
793 1455 914 1512 maxime
930 1469 961 1518 ιο

16 1578 17 1613 3
89 1550 91 1554 '
127 1555 177 1602 eut
197 1545 370 1602 declaranda
391 1558 440 1603 aut
458 1533 598 1603 imitanda
612 1556 655 1603 est
670 1547 793 1619 notione,
807 1559 915 1623 pertur-

126 1642 194 1699 bata
203 1661 279 1717 sepe
290 1641 330 1699 ita
339 1653 393 1714 est,
402 1642 434 1699 ut
444 1644 613 1700 obscuretur
625 1663 659 1700 ec
670 1661 751 1718 paeue
762 1645 912 1715 obruatur3

126 1738 309 1796 discutienda
328 1749 395 1796 sunt
414 1757 458 1811 ee,
480 1759 544 1813 quae
565 1740 730 1812 obscurant,
752 1750 781 1797 et
794 1759 838 1813 ee,
852 1760 914 1816 quae

126 1845 193 1893 sunt
204 1834 361 1892 eminentia
370 1845 400 1892 et
409 1846 531 1910 promta,
543 1837 689 1894 sumenda.
724 1835 827 1894 Omnis
838 1836 914 1894 enim

125 1939 222 1986 motus
243 1929 331 1986 enimi
352 1949 435 1988 uuum
452 1930 595 2004 quendam
610 1950 628 1989 e
641 1931 743 1989 netum
757 1931 843 1988 habet
856 1931 914 1988 vul·
930 1939 961 1989 15

125 2035 197 2098 tum,
225 2036 255 2083 et
280 2045 393 2098 nonum,
415 2036 444 2083 et
470 2037 600 2103 gestum:
634 2037 782 2102 totumque
809 2046 913 2104 corpus

125 2122 260 2195 hominis,
275 2133 304 2181 et
323 2123 385 2199 ejus
405 2123 499 2180 omnis
518 2123 622 2196 vultus,
642 2142 797 2199 omnesque
816 2142 912 2197 voees,

125 2230 158 2278 ut
178 2220 257 2276 nervi
279 2220 308 2276 in
330 2219 445 2293 fidibus,
460 2219 501 2277 ita
521 2230 636 2293 sonant,
651 2230 682 2277 ut
697 2239 714 2278 a
727 2231 806 2278 motu
826 2221 913 2281 animi

76 2310 79 2314 ’
126 2317 429 2392 quoquesuntpulsae.
471 2315 549 2373 Nam
559 2335 654 2387 voces,
669 2326 701 2372 ut
711 2316 836 2388 chordae,
848 2328 914 2375 sunt
947 2341 949 2346 ·

126 2411 254 2484 intentae,
268 2433 330 2488 quae
353 2413 388 2470 ad
415 2431 558 2488 quemque
578 2421 686 2469 tactum
706 2414 912 2488 respondeant;
928 2420 959 2470 20

127 2517 221 2578 uentu,
245 2508 349 2584 gravis,
371 2508 438 2579 cita,
459 2508 551 2578 tarda,
572 2526 687 2584 magne,
708 2524 809 2584 parve3
843 2530 913 2585 ques

125 2614 221 2661 tamen
243 2604 317 2661 inter
343 2623 442 2662 omnes
469 2614 512 2661 eut
532 2623 586 2661 suo
605 2623 724 2681 qnaeque
751 2605 780 2663 in
806 2625 912 2683 genere

125 2700 288 2758 mediocris.
330 2700 427 2776 Atque
446 2701 533 2760 etiam
547 2702 597 2760 illa
610 2713 676 2760 sunt
691 2703 726 2758 ub
740 2703 784 2760 his
797 2703 913 2778 delapsa

123 2795 208 2872 plum
233 2814 349 2872 genere,
370 2796 446 2868 leue,
468 2816 616 2874 nuperum:
647 2799 838 2870 euntruotum,
859 2798 912 2855 dif-

125 2892 237 2951 tusum:
264 2891 424 2956 continenti
445 2875 555 2969 spiritu,
575 2892 752 2964 intermiss03
779 2893 910 2964 fructum,
926 2901 959 2951 25

124 2987 263 3059 eeimum3
284 2988 358 3047 flexo
379 3008 451 3047 sono
467 2989 808 3062 attenuatuminflutum.
839 2987 912 3045 Nul-

125 3081 185 3144 lnm
198 3096 243 3146 eut
255 3085 332 3146 enim
343 3087 445 3146 horum
455 3086 591 3146 similium
602 3103 750 3165 generum,
764 3085 841 3160 quod
851 3102 911 3144 non
