2109 3417
146 266 214 327 nr]
428 266 471 313 nn
493 264 659 313 omanus.
948 255 985 313 lt

145 416 247 473 multis
282 414 369 472 rebus
404 432 557 489 possumus
590 414 737 493 judicare)
773 422 938 472 nostrorum

147 511 298 570 hominum
318 511 440 569 multum
461 512 567 569 ceteris
596 509 786 591 [homiuibus]
808 511 938 569 omnium

147 609 277 686 gentium
297 608 498 684 prestiterunt.
553 607 671 669 Quibus
691 606 728 665 de
748 608 853 678 causis,
875 608 938 683 quis

147 725 206 763 nou
231 706 296 781 jure
323 705 453 776 miretur,
478 723 514 761 ex
541 705 621 761 omni
647 705 786 761 memorial
812 714 937 776 astutum,

147 817 317 878 temporum,
348 802 507 873 civitatum,
537 811 597 858 tam
625 800 762 878 exiguum
792 810 969 859 oratorum5

146 918 299 957 numerum
314 898 457 956 inveniril

187 996 245 1054 Sed
266 996 403 1053 nimirum
425 988 517 1071 majus
537 1004 581 1052 est
604 994 661 1053 hcc
685 994 832 1070 quiddam,
852 1014 939 1071 quam

148 1092 279 1151 homines
292 1092 455 1167 opinantur,
467 1102 496 1149 et
508 1091 640 1167 pluribus
653 1110 690 1149 ex
703 1092 812 1149 artibus
825 1092 939 1151 studiis·

135 1208 204 1265 'que
217 1189 379 1248 collectum.

186 1385 223 1442 V.
251 1384 329 1447 Quis
348 1384 426 1442 enim
448 1386 535 1458 uliud,
557 1386 587 1443 in
611 1386 738 1444 maximi
764 1386 938 1445 discentium
953 1394 985 1443 10

147 1482 342 1554 multitudine,
370 1483 482 1540 summd
513 1484 714 1560 magistrorum
747 1483 843 1559 cupid,
869 1501 939 1559 prar-

148 1579 332 1654 stantissimis
346 1580 495 1636 hominum
510 1580 645 1657 ingeniis,
660 1580 772 1637 infinite
787 1598 939 1639 causarum

147 1676 295 1747 varietate,
311 1675 493 1751 amplissimis
509 1675 682 1750 eloquentiae
701 1676 856 1751 propositis
868 1695 939 1751 prte-

148 1772 223 1843 m'ris,
238 1790 300 1829 esse
322 1790 416 1829 causae
435 1781 527 1847 putet,
541 1772 599 1829 nisi
619 1772 662 1829 rei
682 1772 826 1845 quandam
847 1771 940 1828 incre·

148 1867 265 1925 dibilem
292 1868 534 1945 magnitudinem,
562 1883 597 1925 cc
624 1868 844 1925 difficultateml
885 1867 939 1924 Est
955 1878 987 1927 15

147 1964 225 2021 enirn
246 1976 275 2022 et
295 1965 418 2023 scientia
442 1964 716 2039 comprehendenda
736 1982 832 2021 rerum
852 1963 940 2040 pluri·

146 2080 268 2133 marum,
297 2062 359 2119 sine
386 2062 442 2137 qud
470 2062 622 2119 verborum
646 2062 808 2119 volubilitas
834 2062 938 2137 inanis,

147 2168 232 2234 atque
253 2159 400 2220 irridenda
413 2170 472 2229 est3
494 2170 523 2215 et
538 2160 601 2235 ipsa
614 2159 705 2217 oratic
721 2159 938 2233 conformanda,

146 2274 205 2314 non
233 2256 327 2313 solum
354 2256 506 2327 electione,
529 2257 579 2314 sed
607 2256 695 2313 etiam
722 2258 940 2315 constructione

146 2354 316 2422 verborum3
350 2362 379 2409 et
407 2372 507 2433 omncs
541 2354 703 2411 animorum
736 2363 838 2425 motus,
869 2371 940 2429 quos
954 2363 986 2413 m

147 2449 297 2508 hominum
318 2450 417 2526 generi
441 2468 538 2507 rerum
565 2460 669 2507 natura
694 2449 805 2520 tribuit3
825 2450 940 2527 penitus

146 2548 356 2622 pernoscendi;
381 2547 458 2622 quod
479 2548 574 2605 omnis
594 2548 638 2605 vis
658 2548 790 2622 ratioque
810 2548 939 2622 dicendi,

148 2644 180 2701 in
201 2662 310 2717 eorum,
331 2644 381 2719 qui
403 2645 533 2716 audiunt,
554 2645 701 2702 mentibus
724 2655 773 2703 aut
793 2645 939 2719 sedandis,

148 2752 207 2799 aut.
225 2743 384 2801 excitandis
416 2743 610 2820 expromenda
632 2752 685 2799 est.
736 2742 869 2799 Accedat
892 2762 941 2801 ec·

146 2838 213 2896 dem
234 2848 348 2915 oportet
374 2840 454 2916 lepos
482 2839 599 2914 quidam
628 2837 807 2913 facetiaeque,
828 2848 858 2895 et
878 2858 940 2896 eru·
955 2844 987 2896 25

147 2935 218 2993 ditio
244 2935 336 2994 libero
363 2936 461 3013 digna,
485 2935 677 3008 celeritasque
705 2945 734 2991 et
760 2933 885 2990 brevitas
911 2942 941 2986 et

146 3032 339 3110 respondendi
366 3042 395 3090 et
418 3030 591 3103 lacessendi,
612 3030 711 3088 subtili
725 3025 880 3087 ¹venustate
901 3033 951 3108 art-st

384 3129 404 3187 2
