2109 3417
135 264 206 326 nt]
418 264 462 311 nn
483 262 648 311 ousronn
934 253 968 313 11

136 412 222 471 multi
240 412 361 489 persenti
381 412 512 471 homines
526 413 705 486 exstiterunt,
719 423 753 471 ut
763 431 851 472 nemo
864 412 925 472 sere

137 510 281 569 studuisse
294 510 322 568 ei
336 510 465 569 soientiae
481 511 678 569 vehementius
690 510 830 584 videntur,
844 510 925 586 quin,

138 607 214 683 quod
240 607 371 680 voluerit,
399 617 574 667 consecutus
598 608 645 665 sit.
691 607 770 670 Quis
796 608 925 682 musicis,

137 704 202 780 quis
222 704 292 763 huin
311 704 407 763 studio
426 705 587 777 literarum,
607 705 684 779 quod
704 704 873 780 profitentur
893 704 925 777 ii,

136 801 189 877 qui
216 802 396 878 grammatici
429 812 579 873 vocantur,
606 801 721 877 penitus
746 820 778 859 se
804 801 957 876 donidius

138 898 209 973 quin
224 916 339 956 omnem
353 897 466 955 illarum
487 898 591 955 artium
611 916 694 973 pene
714 897 855 955 infinitum
869 897 927 955 vim

138 1004 169 1051 et
195 994 344 1053 materiam
371 994 499 1051 soientiae
533 994 708 1071 cogitatione
741 994 929 1069 eomprehen-

139 1091 234 1149 deriti
274 1091 351 1148 Vere
371 1090 442 1149 mihi
463 1092 518 1149 hoe
538 1092 634 1149 videor
654 1109 718 1147 esse
737 1091 878 1163 dicturus,
892 1110 928 1149 ex

139 1187 274 1245 omnibus
294 1187 340 1259 iis,
354 1188 403 1262 qui
424 1187 453 1245 in
474 1189 575 1245 harum
594 1187 698 1245 ortium
712 1188 814 1245 studiis
827 1188 929 1245 libers·

140 1283 256 1342 lissimis
279 1285 337 1341 sint
360 1284 556 1359 doctrinisque
576 1284 690 1357 versati,
712 1284 860 1342 minimam
881 1293 974 1343 tto-1⁰
1043 1353 1044 1356 Ἴ

139 1379 217 1455 piem
243 1384 394 1455 poetarum
422 1381 602 1457 egregiorum
629 1381 778 1439 exstitisse.
830 1382 928 1456 Atque

140 1475 171 1553 in
195 1476 252 1533 hoo
275 1476 337 1552 ipso
364 1496 493 1549 nurnero,
517 1477 548 1538 iu
570 1496 632 1552 quo
658 1496 774 1553 perraro
800 1479 927 1535 exoritur

141 1572 243 1648 aliquis
267 1572 421 1645 excellens,
442 1573 467 1631 si
487 1573 639 1651 diligenter
660 1583 744 1631 etex
763 1584 928 1631 nostrornm

140 1678 171 1725 et
189 1687 226 1725 ex
244 1668 412 1725 Graeoorunr
434 1668 518 1744 copiti
542 1686 709 1743 comparare
729 1668 816 1741 voles,
836 1668 928 1726 multo

140 1775 238 1823 tumen
270 1765 422 1841 pauciores
451 1774 589 1836 oratores,
616 1784 702 1839 quum
727 1768 823 1840 poete
859 1765 928 1822 boni
943 1774 976 1823 15

142 1859 327 1937 reperientur.
367 1860 459 1922 Quod
480 1861 537 1918 hoo
556 1861 644 1931 etiarn
664 1859 824 1917 mirabilius
844 1860 930 1917 debet

141 1956 243 2030 videri,
257 1957 323 2033 quie
337 1967 499 2015 ceterarum
520 1957 624 2014 artium
640 1956 736 2014 studia
756 1955 816 2014 iere
829 1973 930 2015 reton-

140 2053 209 2111 ditis
223 2063 307 2130 atque
319 2054 424 2111 abditis
437 2073 453 2113 e
468 2053 594 2112 sontibus
605 2053 791 2124 hauriuntur3
811 2054 930 2112 dicendi

140 2160 237 2209 autem
258 2150 352 2208 omnis
378 2151 451 2209 ratio
479 2150 508 2208 in
537 2151 632 2208 medio
656 2150 760 2226 posite,
781 2150 930 2210 communi

138 2247 265 2323 quodam
294 2246 325 2309 in
350 2267 414 2319 usu,
443 2258 527 2323 atque
555 2247 586 2305 in
612 2248 762 2305 hominum
794 2267 875 2308 more
900 2257 930 2305 et
944 2260 977 2310 20

137 2362 273 2403 sermone
305 2354 450 2415 versatum
484 2355 516 2402 ut
547 2345 577 2402 in
611 2344 716 2403 ceteris
742 2344 773 2402 id
806 2345 930 2402 maxime

141 2441 273 2514 excellet,
300 2440 379 2516 qnod
411 2442 579 2519 longissime
607 2441 645 2499 sit
673 2442 709 2518 ab
735 2440 930 2517 imperitorum

144 2535 333 2615 intelligentis
363 2556 505 2615 sensuque
533 2538 718 2615 disjunctum,
746 2538 777 2595 in
804 2538 930 2596 dicendo

146 2635 358 2693 autem'vitium
372 2636 416 2693 vel
437 2635 593 2695 maximum
613 2634 650 2692 sit
665 2634 804 2711 evulgari
824 2654 931 2711 genere

143 2728 280 2788 orationis
294 2741 379 2807 atque
395 2750 411 2790 u
425 2731 635 2791 consuetudine
653 2730 816 2788 eommunis
829 2732 930 2790 sensus
944 2743 977 2794 25

141 2824 302 2887 abhorrere.

176 2986 235 3079 lv}
255 3021 305 3079 Ao
319 3039 357 3081 ne
378 3020 450 3081 illud
470 3020 587 3098 quidem
599 3036 667 3077 rere
686 3017 746 3077 dioi
764 3016 931 3092 potestant
