2109 3417
130 294 171 358 94
450 304 496 353 nn
516 306 680 381 onaronn
870 306 912 366 [ι.
923 307 974 355 m

180 451 281 511 hocin
295 451 341 511 his
358 452 440 529 quasi
460 454 548 513 mutis
568 454 676 514 artibus
695 464 739 511 est
752 452 925 527 mirandum,
939 464 974 513 et

179 558 276 610 tamen
296 567 411 621 verum3
438 561 545 626 quanto
569 550 764 609 admirabilius
784 550 814 609 in
833 550 972 611 oratione

181 654 265 720 atque
285 645 315 703 in
333 646 454 723 lingndl
474 666 537 722 qua
558 665 624 706 cum
644 647 675 705 in
695 646 797 705 iisdem
814 647 971 705 sententiis

180 742 329 817 verbisque
349 753 486 814 versetur,
507 762 632 801 summas
651 744 736 802 habet
760 743 971 803 dissimilitudi-

146 850 248 907 ὅπως
269 856 326 895 non
347 838 400 910 sic,
413 848 447 905 ut
461 839 510 897 alii
529 839 708 916 vituperandi
729 839 795 911 sint,
808 839 859 897 sed
881 848 913 897 ut
935 839 970 911 ii,

180 952 251 1008 quos
273 944 385 991 constet
407 953 471 992 esse
493 934 662 1006 laudandos,
684 934 714 993 in
737 935 843 1012 dispari
866 944 969 993 tamen

180 1047 286 1107 genere
305 1029 465 1088 laudentur.
512 1031 609 1107 Atque
629 1031 657 1088 id
678 1030 801 1106 primum
820 1029 851 1089 in
870 1030 971 1107 poetis

180 1124 262 1183 cerni
284 1125 363 1197 licet,
387 1126 490 1201 quibus
511 1136 556 1185 est
580 1126 710 1204 proxima
735 1125 869 1204 cognatio
896 1144 969 1185 curn

180 1222 349 1293 oratoribus,
370 1241 456 1297 quam
476 1222 534 1282 sint
553 1222 626 1281 inter
647 1240 709 1281 sese
729 1222 851 1293 Ennius,
872 1222 972 1281 Pacu·

131 1329 166 1384 lc
181 1318 253 1389 rius,
266 1318 434 1394 Acciusque
453 1318 621 1389 dissimiles;
646 1337 730 1394 quam
751 1318 825 1395 apud
844 1318 971 1377 Graecos

181 1413 345 1490 AEschylus,
360 1415 527 1490 Sophocles,
542 1414 703 1495 Euripides,
723 1433 885 1490 quanquam
905 1433 970 1473 om·

180 1508 266 1568 nibus
278 1528 329 1588 par
341 1509 498 1586 peneleus
511 1509 541 1567 in
555 1509 686 1567 dissimili
700 1509 844 1569 scribendi
857 1528 969 1587 genere

180 1604 330 1666 tribuatur.

219 1702 352 1779 Aspicite
370 1720 450 1760 nunc
469 1718 520 1761 eos
539 1700 671 1760 homines
694 1710 777 1778 atque
800 1700 968 1777 intuemIni,

134 1817 166 1869 15
179 1815 299 1875 quorum
326 1797 363 1855 de
389 1796 523 1855 facultate
556 1796 717 1872 querimus,
750 1796 818 1872 quid
852 1796 968 1858 intersit

180 1895 254 1953 inter
279 1903 424 1953 oratorum
454 1891 551 1952 studia
576 1902 660 1967 atque
686 1903 810 1953 naturas.
864 1894 969 1954 Suavi-

179 2000 267 2048 tatem
299 1988 451 2060 lacerates,
478 1988 664 2046 subtilitatem
696 1988 807 2065 Lysias,
841 2008 970 2056 acumen

181 2084 351 2161 Hyperides,
366 2084 490 2142 sonitum
504 2083 669 2155 AEsehiues,
684 2083 739 2141 vim
754 2084 967 2145 Demosthenes

180 2180 287 2239 habuit.
326 2179 404 2241 Quis
423 2171 523 2237 eorum
543 2197 599 2237 non
618 2180 770 2257 egregiusl
789 2193 886 2239 tamen
901 2183 967 2259 quis

132 2297 165 2349 ω
181 2277 348 2354 cujusquam
367 2276 424 2333 nisi
447 2275 491 2333 sui
517 2274 640 2334 similisl
690 2276 867 2339 Gravitatem
886 2278 967 2352 Afri·

181 2392 280 2446 canus,
293 2372 438 2430 lenitatem
455 2371 570 2442 Laelius,
585 2371 765 2447 asperitatem
784 2373 886 2444 Galba,
900 2392 966 2450 pre·

181 2468 272 2526 fluens
285 2468 419 2544 quiddam
433 2467 533 2526 habuit
546 2466 643 2525 Carbo
656 2478 685 2535 et
698 2486 845 2527 canorum.
885 2470 966 2532 eris
1034 2494 1035 2499 ¹

181 2565 282 2622 horum
305 2583 364 2622 non
390 2564 525 2640 princeps
550 2560 725 2640 temporibus
752 2564 808 2622 illis
833 2564 908 2624 fuiti
934 2575 964 2625 et

182 2677 234 2719 suo
247 2670 343 2719 tamen
356 2660 476 2738 quisque
490 2660 519 2719 in
533 2656 641 2737 genere¹
651 2660 790 2738 princeps.

48 2866 64 2901 a
131 2879 166 2931 ᾖ
218 2852 301 2911 VIII.
332 2853 390 2912 Sed
410 2852 479 2929 quid
498 2872 555 2931 ego
578 2863 673 2913 vetera
699 2852 875 2929 conquiram,
895 2872 963 2913 cunr

180 2950 965 3123 tlt¹'unllt‘tttlttlltillut}
