2109 3417
111 280 131 340 8
431 288 474 334 nn
499 288 662 335 oannoau.
864 288 938 347 [nn

159 439 374 511 sententiarum,
397 449 481 515 atque
504 458 603 497 eorum
628 439 768 509 locorum,
782 456 854 513 quos
877 457 938 515 agas

159 545 321 610 tractesque
342 537 475 608 dicendo,
490 537 561 593 nihil
578 547 608 592 ut
623 554 694 611 opus
708 535 745 592 sit
763 535 939 592 simulatione

160 641 189 690 et
212 632 340 690 fallaciis.
381 633 448 707 Ipsa
474 633 550 689 enim
578 642 681 689 natura
707 632 845 689 orationis
872 632 939 707 ejus,

159 747 222 803 quae
237 729 390 804 suscipitur
405 730 440 785 ad
456 730 577 785 aliorum
598 728 709 785 animos
726 729 939 803 permovendos,

126 834 142 881 5
159 837 302 881 oratorem
323 826 415 900 ipsum
436 826 528 901 magis
548 825 645 895 etiam,
666 844 751 900 quarn
775 842 941 900 quemquam

158 939 258 977 eorum
281 922 330 996 qui
355 922 483 992 audiunt,
507 932 661 996 permovet.
713 921 752 977 Et
774 939 812 977 ne
837 920 889 978 hoo
912 921 940 977 in

158 1017 264 1088 causis,
293 1017 322 1073 in
347 1017 475 1093 judiciis,
503 1018 534 1073 in
562 1017 720 1074 amicorum
746 1016 891 1093 perieulis,
912 1017 941 1073 in

158 1132 302 1170 concursu
317 1113 475 1184 hominurn,
492 1114 521 1170 in
539 1113 664 1183 civitate,
680 1113 709 1171 in
725 1114 796 1183 foro,
813 1112 941 1170 aooidere

157 1209 303 1280 miremur,
326 1228 393 1267 oum
415 1209 508 1287 agitur
529 1226 589 1266 non
611 1210 703 1268 solum
725 1208 834 1285 ingenii
854 1208 942 1265 nostri

110 1317 141 1366 10
156 1305 330 1362 existimatio
358 1305 437 1383 (nam
465 1305 495 1361 id
521 1315 597 1362 esset
630 1306 738 1375 levius;
772 1324 942 1380 quanquam,

156 1420 223 1458 oum
249 1401 394 1477 professus
413 1402 469 1472 sis,
497 1411 526 1457 te
554 1401 583 1457 id
616 1420 701 1477 posse
734 1401 839 1468 faeere,
867 1400 943 1475 quod

155 1498 251 1575 pauni,
265 1518 302 1555 ne
316 1498 343 1555 id
360 1498 474 1573 quidem
495 1498 701 1575 negligendum
721 1499 796 1575 est):
818 1497 868 1554 sed
890 1497 945 1555 aliu

156 1606 223 1652 sunt
249 1596 358 1671 mejola
383 1595 483 1665 multo,
505 1595 586 1665 fides,
614 1594 752 1665 officium,
777 1593 943 1671 diligentia3

156 1692 259 1765 quibus
279 1691 365 1747 rebus
392 1691 520 1762 adducti,
543 1691 631 1747 etiam
658 1708 726 1747 oum
754 1690 945 1749 alienissimos

109 1802 141 1849 15
156 1786 345 1857 defendimus,
360 1797 457 1843 tamen
477 1806 528 1843 eos
551 1787 669 1857 alienos,
685 1786 709 1843 si
731 1786 784 1862 ipsi
798 1786 852 1844 viri
876 1788 945 1845 boni

156 1884 287 1939 volumus
301 1883 410 1954 haberi,
424 1883 661 1939 existimarenon
683 1900 842 1957 possumus.
885 1883 946 1941 Sed

157 1977 203 2054 (ut
217 1979 289 2058 dixi)
306 1999 342 2035 ne
363 1980 420 2036 hoo
441 1980 469 2035 in
491 1979 575 2035 uobis
596 1979 700 2035 mirum
721 1998 784 2037 esse
804 1979 946 2052 videatur,

154 2073 222 2148 quid
236 2084 330 2149 potest
350 2094 414 2131 esse
434 2086 490 2131 tam
511 2075 621 2145 fiotum,
637 2093 721 2148 quam
737 2093 843 2146 versus,
858 2094 948 2151 quam

154 2186 252 2240 scena,
267 2188 352 2243 quarn
366 2169 489 2226 sabulael
510 2180 606 2226 tamen
622 2170 650 2226 in
666 2170 722 2225 hoo
742 2188 848 2245 genere
868 2190 948 2246 saepe

106 2274 138 2323 20
155 2265 215 2341 ipse
242 2266 310 2336 vidi,
338 2284 404 2322 oum
430 2284 466 2323 ex
491 2265 614 2341 personui
641 2265 712 2321 mihi
740 2265 839 2323 ardere
865 2268 947 2325 oculi

154 2361 279 2418 hominis
316 2362 464 2419 histrionis
499 2361 665 2419 viderentur
709 2361 859 2438 spondalia
895 2363 949 2421 illa

154 2457 286 2531 dicentis,

183 2573 199 2599 “
208 2570 344 2635 segregare
363 2572 447 2620 abste
464 2586 550 2635 ausus,
568 2578 612 2621 aut
628 2572 682 2621 sine
699 2572 742 2620 illo
760 2570 889 2621 Salamina
906 2573 948 2621 in·

282 2653 324 2700 di?

206 2668 293 2794 Neqvie
304 2738 436 2795 paternum
447 2739 576 2797 aspectum
587 2748 615 2781 es
626 2734 736 2782 veritus?
745 2733 760 2755 ”

103 2858 134 2908 25
151 2847 307 2924 Nunquam
329 2849 408 2907 illum
424 2857 443 2884 “
454 2853 624 2926 aspectum”
639 2851 764 2924 dicebat,
779 2853 849 2927 quin
867 2854 948 2913 milri

150 2945 295 3003 Telamon
317 2946 405 3004 iratus
427 2947 521 3004 furere
541 2947 621 3005 luctu
640 2947 691 3005 filii
705 2948 857 3007 videretur.
903 2950 951 3011 Ut

151 3042 237 3116 idem,
252 3042 357 3101 inflexa
372 3044 408 3101 ad
421 3043 612 3101 miserabilem
627 3062 729 3101 sonum
743 3063 822 3117 roeo,
882 3075 888 3094 2
