2109 3417
128 301 183 365 80'
448 318 492 365 ne
514 318 677 367 onironu
879 318 960 379 [un

172 461 263 520 ceteri
283 462 437 539 accipient,
457 484 543 541 posse
569 466 692 525 ducere:
720 467 771 525 sed
798 466 960 527 admirmm-

172 576 239 617 nem
260 560 352 636 magis
372 580 456 636 quam
483 563 572 621 risum
599 573 703 636 movet,
724 563 780 623 nisi
800 564 959 640 siquando

173 655 276 715 incidit
289 658 319 715 in
334 659 412 717 aliud
426 680 518 737 genus
531 661 655 720 ridiculi.
737 687 739 696 ’

211 848 324 909 LXIII.
354 851 431 915 Quae
464 872 572 929 genera
607 872 771 929 percurram
808 854 957 929 equidem:

142 945 221 1001 5sed
242 946 324 1003 scitis
341 966 406 1005 esse
424 949 606 1007 notissimum
627 948 742 1007 ridiculi
769 968 871 1025 genus,
892 969 959 1007 cum
1038 990 1039 999 η

172 1041 248 1097 eliud
270 1055 477 1117 exspectamus,
492 1045 570 1102 eliud
589 1046 702 1103 dicitur.
742 1045 802 1103 Hic
816 1046 959 1103 nobismet

172 1136 242 1211 ipsis
268 1151 366 1196 noster
392 1159 469 1198 error
496 1142 587 1199 risum
614 1152 715 1200 movet.
755 1141 844 1204 Quod
865 1143 891 1199 si
912 1144 959 1200 ed·

172 1232 292 1293 mixtum
318 1246 362 1293 est
389 1237 477 1295 etiam
506 1238 683 1315 ambiguum,
710 1238 741 1295 fit
773 1238 893 1308 celsium
927 1249 959 1296 ut

173 1330 248 1404 apud
268 1331 401 1389 Nerium
422 1333 533 1391 videtur
554 1354 617 1393 esse
641 1335 804 1393 misericors
831 1336 889 1407 ille,
909 1336 958 1411 qui

127 1426 328 1502 injudicatum
348 1430 416 1487 duci
437 1431 524 1502 videt,
544 1442 728 1507 percontatus
748 1432 798 1502 ita,
818 1431 958 1493 “Quanti

173 1523 323 1582 addictusI
350 1527 429 1585 mille
448 1529 626 1586 nnmmtim.”
668 1528 701 1587 Si
721 1528 877 1586 addidisset
897 1538 959 1586 tan·

172 1622 331 1695 tummodo,
360 1628 377 1657 ‘¹
388 1624 488 1681 Duces
512 1625 622 1695 licet;”
657 1635 732 1683 esset
764 1624 834 1683 illud
866 1642 958 1702 genus

171 1715 286 1774 ridi-culi
305 1728 407 1793 preter
425 1720 688 1794 exspectationem:
709 1718 769 1789 sed,
791 1718 859 1793 quia
879 1718 959 1775 addi·

170 1811 222 1882 dit,
237 1813 349 1871 “Nihil
364 1815 453 1873 addo:
474 1815 683 1884 ducaslicet;”
707 1815 802 1873 addito
813 1815 958 1891 ambiguo,

125 1917 156 1965 15
171 1908 259 1965 altero
279 1928 385 1985 genere
405 1911 530 1983 ridiculi,
546 1912 608 1983 fuit,
623 1922 655 1969 ut
667 1911 738 1969 mihi
752 1911 867 1986 quidem
881 1911 959 1968 vide-

169 2011 225 2073 tur,
244 2003 438 2065 salsissimum
480 2006 548 2063 Hoc
567 2017 629 2065 tum
649 2017 693 2063 est
712 2006 956 2079 venustissimum,

169 2116 236 2156 cum
251 2099 281 2155 in
298 2100 484 2159 altercatione
505 2103 636 2178 arripitur
658 2103 693 2161 ab
715 2102 876 2160 edversario
897 2121 959 2159 ver·

169 2192 248 2264 bum,
262 2203 292 2249 et
304 2212 341 2251 ex
353 2213 398 2264 eo,
414 2205 446 2253 ut
459 2216 477 2253 a
488 2196 594 2256 Catulo
608 2197 637 2255 in
657 2197 830 2273 Philippum,
844 2196 873 2255 in
888 2216 957 2255 eum

169 2285 262 2361 ipsum
290 2288 405 2362 aliquid,
434 2290 482 2365 qui
513 2290 666 2362 lacessivit,
694 2292 840 2369 infligitur.
896 2292 956 2349 Sed

122 2388 155 2439 20
169 2400 235 2439 cum
259 2384 340 2458 plura
363 2385 421 2442 sint
445 2386 572 2463 ambigui
595 2406 710 2464 genera,
726 2384 761 2443 de
785 2388 888 2463 quibus
911 2398 956 2445 est

169 2478 300 2537 doctrina
319 2482 449 2555 quedam
476 2483 624 2553 subtilior;
653 2484 798 2541 attendere
817 2493 847 2541 et
868 2502 955 2541 aucu·

168 2575 229 2650 pari
249 2577 335 2635 verba
354 2579 513 2654 oportebit:
542 2580 571 2637 iu
597 2598 663 2655 quo,
685 2590 716 2638 ut
742 2598 786 2651 ca,
807 2600 869 2655 quae
896 2580 955 2637 sint

167 2670 325 2748 frigidiora,
351 2675 472 2734 vitemus
500 2675 621 2753 (etenim
650 2676 808 2734 cavendum
836 2687 888 2748 est,
915 2696 955 2734 ne

168 2770 334 2829 arcessitum
367 2772 478 2831 dictum
510 2775 650 2853 putetur),
683 2774 825 2848 permulta
856 2784 954 2831 tamen

121 2878 153 2928 25
168 2876 251 2923 ncute
265 2866 402 2925 dicemus.

205 2962 338 3021 Alterum
357 2982 449 3041 genus
469 2975 523 3036 est,
537 2965 612 3039 qnod
634 2965 721 3023 habet
738 2984 853 3043 parvam
873 2964 954 3023 verbi

167 3056 404 3133 immutationem,
425 3061 514 3136 quod,
534 3061 564 3121 in
591 3061 675 3121 litari
700 3062 835 3137 positum,
855 3060 953 3121 Greci
