2109 3417
119 299 149 346 n.
160 299 203 360 nl
402 299 446 350 ne
466 299 631 350 onsnonn.
894 286 951 348 tut

119 458 153 505 ιιι
173 448 363 506 adversarium
385 459 492 507 attente
512 449 671 522 audiamus,
687 459 771 525 atque
791 458 822 507 ut
841 447 904 526 ejus

119 560 179 601 non
202 545 295 602 solum
313 547 484 618 sententiaa,
507 546 559 604 aed
585 546 672 604 etiarn
694 547 781 604 verba
806 545 906 604 omnia

109 640 307 716 'excipiantun
321 642 415 699 vultus
430 641 555 718 denique
573 643 782 719 perspiciamus
793 661 903 714 omnes,

119 737 168 812 qui
188 755 289 795 sensus
308 738 396 794 animi
416 738 584 814 plerumque
604 739 741 810 indicant,
755 738 905 820 diligentia

119 843 180 891 est:
201 833 230 890 id
251 845 346 890 tamen
367 834 579 893 dissimulanter
600 835 705 907 faeere,
723 853 761 892 ne
780 835 835 892 sibi
855 834 936 892 illati

118 929 228 1004 aliquid
242 931 382 1005 prolicere
395 930 534 1002 videatur,
547 930 700 1007 prudentia
718 940 778 989 est:
798 931 904 988 deinde

119 1036 152 1083 ut
171 1026 201 1082 in
222 1026 257 1082 iia
277 1026 358 1097 loeis,
379 1045 452 1101 qnos
471 1045 629 1103 proponam
649 1027 733 1102 paulo
753 1037 826 1103 post,
839 1045 903 1102 per·

117 1122 245 1179 volvatur
257 1122 377 1193 animus,
388 1133 420 1180 ut
429 1141 461 1180 se
470 1122 585 1198 penitus
599 1123 724 1180 insinuet
735 1123 763 1182 in
776 1141 903 1195 oausam,

119 1228 152 1273 ut
165 1217 203 1274 sit
215 1219 285 1273 ouri
299 1227 328 1273 at
341 1217 517 1293 cogitatione
531 1215 667 1290 intentus,
682 1218 829 1295 diligentia
842 1231 902 1276 est:

118 1322 152 1384 ut
172 1312 217 1369 his
236 1314 322 1371 rebus
343 1313 485 1385 adhibeat,
505 1325 640 1390 tanquam
660 1315 757 1372 lumen
777 1313 902 1389 aliquod,
919 1323 950 1374 1⁰

117 1409 296 1480 memoriam,
310 1419 342 1466 ut
352 1427 462 1479 roeem,
474 1420 505 1468 ut
515 1411 589 1468 vires
606 1408 681 1486 [haeo
694 1428 799 1488 magna
811 1412 900 1490 eunt]

117 1503 198 1561 luter
218 1504 365 1580 ingenium
381 1504 496 1580 quidem
509 1516 539 1562 et
553 1505 741 1581 diligentiam,
754 1505 903 1582 perpaulu-

115 1601 177 1657 lum
204 1600 261 1658 loei
288 1600 428 1676 reliquum
454 1611 498 1658 est
525 1601 586 1659 arti.
640 1602 698 1658 Ars
728 1600 902 1660 demonstrat

115 1706 240 1767 tantum,
260 1697 310 1753 ubi
336 1717 455 1771 quares,
477 1708 562 1772 atque
586 1697 634 1755 ubi
661 1697 698 1754 sit
724 1697 804 1768 illud,
825 1697 901 1770 qnod

116 1793 235 1850 studeas
260 1793 404 1863 invenire,
432 1794 545 1868 reliqua
566 1793 682 1850 suntin
705 1792 786 1862 curti,
814 1801 949 1850 alten-15

116 1889 197 1946 tione
217 1889 314 1960 animi,
335 1889 518 1966 cogitatione,
545 1888 702 1966 vigilantii,
728 1888 902 1959 assiduitate,

116 1985 215 2043 labore
223 2005 231 2055 ;
252 1985 426 2060 compleatur
439 2003 498 2043 uno
511 1986 609 2057 verbo,
624 2003 681 2060 quo
694 2003 768 2060 sepe
785 1984 843 2061 jam
858 1983 902 2042 usi

116 2098 227 2151 sumus,
241 2079 407 2156 diligentid3
428 2079 485 2155 qud
504 2081 564 2136 und
584 2079 687 2138 virtute
705 2098 805 2138 omnes
818 2077 903 2138 virtu·

116 2185 162 2233 tea
175 2175 290 2251 relique
309 2175 501 2234 eontinentur.
542 2175 618 2234 Nam
637 2174 774 2234 orationis
787 2174 902 2250 quidem

115 2271 202 2348 eopia
229 2271 358 2329 ridemus
377 2282 409 2328 ut
429 2271 574 2329 abundent
599 2270 771 2347 philosophi,
791 2270 850 2345 qui,
871 2280 902 2329 ut
916 2281 949 2334 Β)

113 2367 228 2444 opinor,
244 2366 309 2443 (sed
328 2377 360 2425 tu
380 2367 451 2439 haee,
470 2367 584 2438 Catule,
599 2367 713 2445 melius)
735 2367 814 2424 nullu
833 2366 902 2425 dant

113 2473 260 2539 praeapte
278 2461 406 2533 dicendi,
426 2480 483 2520 neo
501 2462 613 2520 ideireo
632 2461 736 2532 minus,
760 2479 902 2536 quaeum-

115 2577 174 2634 que
193 2577 239 2616 res
258 2558 404 2636 proposita
415 2568 468 2629 eat,
483 2557 652 2634 susoipinnt,
666 2557 703 2616 de
716 2557 772 2633 qud
786 2557 901 2638 eopiosa

116 2664 147 2713 et
160 2655 338 2714 abundanter
349 2655 511 2731 loquantur.

157 2845 302 2905 xxxvi.
332 2847 411 2906 uum
431 2827 562 2920 carnus,
579 2847 640 2918 na,
656 2843 756 2922 nquit,
771 2854 803 2902 ut
816 2845 898 2917 nen,
914 2852 946 2902 n

116 2942 238 3016 Antoni,
252 2953 285 3001 ut
296 2942 426 3019 plerique
437 2942 601 3020 philosophi
614 2942 693 3001 nulla
705 2941 818 3002 tradant
830 2958 900 3017 pre·

353 3037 391 3095 15
866 3069 876 3088 ..
