2109 3417
103 268 144 335 '18
424 288 468 337 ns
489 286 652 339 onanonn
808 353 811 366 .
853 284 934 349 [nn

148 443 289 510 prostrata
302 433 391 493 virtus
410 436 534 496 maxime
554 428 687 495 luctuosa
705 444 765 504 est;
785 445 823 507 et,
838 445 870 493 ut
886 435 935 494 itta

149 529 239 589 altera
251 549 316 605 pars
335 532 483 602 orationis,
498 552 571 608 que,
586 530 735 607 probitatis
755 532 935 593 commenda·

148 626 238 698 tione,
259 628 327 687 boni
346 628 400 684 viri
427 628 512 685 debet
539 628 664 703 speciem
691 628 775 699 tueri,
795 628 868 707 lenis
889 628 935 705 (ut

148 742 223 797 sape
241 724 300 799 jam
320 724 393 803 dixi)
416 735 501 799 atque
524 724 680 795 submissa3
708 723 751 781 sic
778 724 935 798 hec-qum

117 819 302 894 suscipitur
324 822 359 879 ab
378 830 491 879 oratore
513 820 547 877 ad
569 822 786 879 commutandos
814 820 934 891 animos,

148 926 233 989 atque
253 916 332 974 omni
352 916 463 974 ratione
483 916 653 987 flectendos,
668 916 777 975 intenta
798 936 832 977 ac
852 916 936 973 vehe-

147 1030 230 1073 mens
242 1030 306 1069 esae
320 1013 413 1071 debet.

186 1204 274 1264 LIII:
298 1206 357 1265 Sed
377 1217 421 1263 est
441 1206 571 1281 quodam
592 1206 622 1263 in
641 1206 685 1263 his
698 1205 811 1264 duobus
824 1205 934 1282 generi·

147 1301 201 1360 bas
223 1302 357 1379 (quorum
379 1302 500 1359 alterum
526 1302 601 1373 leue,
624 1302 742 1359 alterum
770 1302 932 1372 vehemens,

103 1408 133 1457 1⁰
148 1400 367 1477 essevolumus)
383 1398 508 1455 difficilis
530 1398 565 1455 ad
586 1398 819 1474 distinguendum
835 1397 934 1455 simili·

147 1496 225 1553 tudo.
266 1494 353 1566 Nam,
367 1513 404 1553 ex
416 1495 465 1552 ille
478 1495 606 1565 lenitate,
622 1495 678 1569 quat
697 1494 883 1553 conciliamur
897 1494 934 1553 iis

148 1591 197 1667 qui
212 1591 342 1664 audiunt,
354 1592 387 1649 ad
404 1591 480 1649 hanc
489 1591 547 1649 vim
562 1591 740 1661 acerrimam,
751 1591 807 1665 qut
818 1590 934 1652 eosdem

165 1689 317 1759 scitamus,
338 1688 439 1745 influat
457 1698 569 1763 oportet
590 1687 706 1762 aliquid,
727 1698 756 1745 et
776 1706 811 1747 ex
831 1687 885 1746 hac
905 1688 941 1749 vi.

148 1803 355 1859 nonnunquam
377 1784 465 1843 animi
486 1784 593 1860 aliquid
612 1781 859 1860 [inflammandum
874 1786 933 1865 est]

103 1892 134 1941 15
149 1881 191 1939 illi
204 1880 332 1939 lenitati:
359 1899 453 1955 neque
472 1890 516 1937 est
540 1879 597 1937 ulla
624 1880 805 1955 temperatior
831 1880 934 1953 oratio,

148 1996 233 2053 quam
247 1977 305 2046 illa,
320 1976 350 2033 in
366 1978 422 2051 qua
443 1977 580 2053 asperitas
600 1976 793 2035 contentionis
813 1977 935 2035 oratoris

149 2073 237 2149 ipsius
271 2072 448 2130 humanitate
484 2073 635 2142 conditur3
672 2072 802 2131 remissio
839 2084 934 2131 autem

149 2167 274 2226 lenitatis
294 2168 416 2242 quidam
437 2170 576 2244 gravitate
595 2179 626 2225 et
643 2169 828 2228 contentione
843 2169 936 2225 firma·

148 2275 202 2322 tur.
242 2262 277 2321 In
299 2274 421 2339 utroque
442 2276 536 2324 antem
556 2284 661 2341 genere
688 2264 815 2336 dicendi,
836 2275 865 2323 et
886 2264 936 2321 illo

101 2370 133 2420 20
148 2360 248 2436 inquo
261 2360 305 2417 vis
319 2370 403 2435 atque
422 2362 569 2420 contentio
589 2348 733 2436 quaeritur,
748 2352 776 2419 et
790 2362 846 2419 hoc
860 2360 935 2436 quod

148 2456 185 2514 ad
205 2456 290 2514 vitam
311 2468 340 2515 et
361 2476 454 2514 mores
478 2458 721 2527 accommodatur,
742 2468 771 2513 et
791 2457 937 2532 principia

149 2552 229 2611 tarda
245 2552 349 2633 [sunt,]
371 2563 400 2609 et
420 2553 513 2612 exitus
533 2563 628 2617 tamen
650 2552 732 2628 spissi
753 2563 781 2609 et
801 2553 936 2627 producti
1042 2608 1043 2612 ,

145 2668 211 2710 csse
225 2650 340 2709 debent.
380 2648 457 2708 Nam
471 2668 564 2724 neque
585 2650 768 2709 assiliendum
782 2650 877 2707 statim
892 2658 937 2709 esa
1044 2636 1045 2647 ¹

148 2746 185 2804 ad
205 2746 275 2805 illud
296 2766 389 2824 genus
411 2746 566 2815 orationis;
597 2747 675 2803 abest
701 2746 778 2806 enin
806 2756 897 2803 totum
920 2766 937 2805 a

101 2858 134 2909 Ξ)
148 2843 252 2913 Μὴ
286 2854 316 2901 et
347 2843 478 2904 homines
511 2843 590 2918 prius
623 2843 715 2917 ipsum
749 2842 830 2913 illud,
858 2842 937 2917 quod

147 2939 294 3016 proprium
307 2940 351 2997 sai
362 2938 466 3015 judicii
480 2949 534 3009 est,
550 2938 648 2996 audire
668 2938 831 2997 desiderant
840 2959 848 3008 ;
869 2956 937 3009 nec,

148 3054 217 3100 tum
240 3036 273 3099 ia
297 3056 364 3101 caua
388 3035 530 3100 radonem
557 3034 703 3113 ingressus
728 3035 778 3107 sis,
802 3034 937 3096 celeriter
