2109 3417
18 329 23 375 ι
86 307 132 364 ἰ.
142 316 196 377 nai
387 315 431 363 nn
451 318 617 366 onenonn.
879 310 937 368 145

18 501 20 536 l

101 465 211 542 jamdiu
231 464 402 539 intermissa,
422 484 486 541 qna
507 477 574 524 sunt
593 467 744 543 poetarum
764 468 890 528 licentiae

103 561 245 634 liberiora,
259 579 344 638 quam
364 573 486 620 nostre:
507 548 567 621 ‘aed'
578 574 674 621 tamen
696 560 788 645 [riiro]
804 566 891 623 habet
966 578 967 581 ’

19 715 20 720 1
103 658 189 715 etiam
223 659 253 717 in
286 660 415 717 oratione
446 660 594 735 poeticum
622 660 738 737 aliquod
771 663 889 721 verbum

103 754 278 831 dignitatem.
314 754 429 832 ⁴Neque
449 756 526 813 enim
548 756 618 813 iliud
639 758 760 835 fugerim
781 758 887 832 dicere,

102 860 134 906 ut
154 850 272 923 Caelius,
288 857 306 906 ‘.‘
318 851 387 919 Quo
408 860 568 928 tempestate
588 852 698 910 Poenus
719 855 749 911 in
769 855 920 911 Italiam5

101 948 194 1004 veuit:
221 966 277 1005 neo
294 948 412 1024 prolem,
435 951 484 1005 aut
503 948 632 1021 subolem,
655 960 703 1007 aut
723 950 816 1027 effari,
839 960 888 1008 aut

99 1043 276 1119 nuncupari:
298 1055 356 1115 aut,
377 1054 409 1101 ut
428 1055 459 1101 tu
477 1044 565 1117 soles,
586 1046 698 1118 Catule,
719 1066 774 1103 non
794 1047 886 1119 rebar,

100 1149 149 1196 aut
161 1141 319 1215 epistelam
340 1151 369 1197 et
383 1141 440 1198 alia
455 1141 559 1214 multa,v
570 1144 673 1217 quibus
693 1143 756 1201 loeo
775 1143 886 1219 positis,

98 1236 232 1311 grandior
248 1248 331 1311 atque
346 1237 487 1311 antiquior
501 1237 593 1295 oratio
608 1256 683 1313 saepe
699 1238 789 1296 videri
803 1239 885 1298 solet.

98 1330 250 1388 Novantur
277 1342 372 1388 autem
396 1332 491 1402 verba,
516 1350 579 1407 qua
604 1334 639 1389 ab
662 1348 708 1405 eo,
732 1334 781 1409 qui
804 1335 885 1406 dicit,
901 1338 933 1389 10

99 1426 161 1501 ipso
175 1427 332 1503 gignuntur
348 1427 477 1498 aedunt,
491 1427 535 1483 vel
557 1427 765 1505 nonjungendis
781 1430 884 1503 verbis,

98 1531 130 1579 ut
143 1523 222 1580 haee:
365 1546 367 1550 ¹

127 1668 219 1717 “Tum
234 1684 311 1731 pavor
326 1670 472 1733 sapientiam
489 1685 590 1719 omnem
605 1668 667 1719 mihi
684 1669 826 1719 exanimato
841 1685 884 1720 ex·

212 1749 349 1811 pectorat.”

127 1863 220 1913 “Num
229 1864 280 1913 non
291 1866 329 1914 vis
340 1865 415 1929 hujus
431 1881 471 1915 me
483 1867 664 1930 versutiloquas
680 1866 809 1915 malitias”
828 1902 834 1914 .
851 1902 858 1915 .
875 1900 883 1915 .

95 1999 199 2061 videtis
225 1999 303 2057 enim
323 2010 353 2057 et
373 2001 589 2077 versutiloquas,
609 2012 638 2059 et
658 2009 825 2078 expectorat,
846 2020 882 2061 ex
898 2004 929 2053 15

30 2089 33 2093 ⁵
94 2096 302 2173 conjunctione
329 2097 405 2154 faeta
424 2115 487 2153 ease
507 2098 603 2169 verba,
623 2117 682 2155 non
709 2108 784 2156 nata.
825 2098 880 2157 vel

94 2210 170 2268 saepe
196 2193 259 2251 sine
286 2192 491 2269 conjunctione
524 2191 625 2268 [verbe
656 2195 822 2274 novantur]‚
850 2205 882 2254 ut

96 2286 187 2364 [⁴‘ille
198 2290 321 2362 smies,''
336 2299 378 2361 nt,
393 2288 482 2347 “Dii
497 2290 637 2363 genitales
647 2290 690 2369 '’]‚
709 2299 742 2346 ut
755 2296 774 2323 “
784 2290 882 2347 daeca-

93 2401 157 2437 rum
175 2381 301 2441 ubertate
320 2384 536 2441 incurvescere.''
576 2382 695 2440 Tertius
715 2383 763 2440 ille
781 2383 882 2443 modus

93 2477 283 2535 transferendi
309 2478 388 2536 verbi
414 2479 471 2537 late
496 2488 585 2555 patet,
612 2497 697 2553 quem
712 2479 881 2537 necessitas
895 2480 928 2530 2⁰

92 2572 204 2649 genuit,
225 2572 324 2649 inopii
343 2585 446 2633 eoaeta
465 2583 494 2631 et
513 2573 669 2650 angustiia3
696 2583 762 2649 post
785 2584 880 2633 autem

92 2667 248 2726 delectatio
271 2668 494 2744 iucunditasque
520 2669 684 2753 celebravit
737 2668 824 2743 Nam,
848 2680 880 2729 ut

91 2763 189 2837 vestis,
206 2763 325 2840 frigoris
345 2765 507 2841 depellendi
526 2766 615 2823 causi
640 2776 753 2841 reperta
777 2766 879 2842 primo,

90 2870 158 2937 poet
191 2860 321 2918 adhiberi
353 2871 448 2936 eoepta
480 2870 523 2919 est
556 2861 592 2919 ad
624 2871 757 2920 ornatum
792 2856 879 2920 etiam

91 2958 222 3033 eorporis
254 2967 284 3016 et
316 2958 500 3037 dignitatem
542 2958 585 3017 sio
620 2960 700 3018 verbi
732 2958 879 3018 translatio
892 2961 925 3013 25

91 3052 223 3115 instituta
242 3064 286 3113 est
305 3054 410 3135 inopie
433 3055 532 3130 caud,
552 3056 731 3132 frequentata
755 3055 879 3115 ‹ideon-

169 3169 235 3211 von.
250 3170 282 3211 11.
402 3154 440 3212 13
