2109 3417
112 293 170 352 112
432 303 476 349 nn
499 302 663 349 nemone.
854 304 955 365 [nur.

157 450 233 522 dam,
252 461 282 508 et
301 461 484 526 portuosum
507 461 636 509 oratores
657 462 752 509 antem
772 452 804 509 in
825 453 953 511 inferum

157 547 214 605 hoo
240 547 383 619 Tereum,
407 559 437 605 et
462 550 624 620 barbarum,
653 549 836 624 scopulosum
865 560 955 626 atque

158 643 303 715 infestum,
322 645 496 715 laberentur,
513 645 543 702 in
564 664 621 719 qao
641 642 727 701 etiam
749 646 810 721 ipse
831 646 955 723 Ulyeaes

157 740 288 799 errtaset

124 846 142 893 5
195 835 307 908 Quare,
329 838 354 894 si
377 837 433 893 hae
455 837 619 911 eloquentil
645 850 729 913 atque
753 840 810 896 hoo
833 850 954 897 oratore

158 933 287 991 eontenti
307 952 415 1003 eumne,
434 934 482 1008 qni
503 934 586 1005 neiat,
608 945 656 992 aut
676 954 782 1012 negare
802 946 952 1011 oportere,

157 1028 234 1104 qnod
249 1047 377 1104 arguare,
393 1041 451 1101 ant,
466 1030 490 1086 si
504 1030 534 1086 id
549 1050 605 1087 non
626 1032 724 1107 possit,
738 1041 799 1088 tum
814 1034 953 1090 ostende-

157 1144 199 1195 re,
220 1125 295 1199 qnod
323 1125 348 1181 ia
373 1126 484 1197 feeerit,
504 1127 553 1201 qni
581 1118 769 1199 insimuletur,
792 1138 841 1185 ant
870 1141 952 1187 reete

157 1222 276 1292 laetum,
297 1232 347 1278 aut
374 1222 491 1279 alterins
517 1224 602 1299 calpa
629 1234 679 1281 aut
705 1223 819 1299 injurio,
842 1236 894 1283 aut
915 1244 952 1283 ex

100 1328 141 1378 =1o
157 1317 231 1393 lege,
247 1328 368 1377 autnon
381 1329 481 1376 eontra
496 1320 600 1395 legem,
616 1329 663 1377 aut
677 1320 883 1395 immedendi,
900 1334 951 1379 ant

156 1415 335 1484 neeessari03
356 1426 477 1473 autnon
491 1434 526 1472 eo
540 1416 655 1472 nomine
669 1415 876 1491 nsulpanrlum,
892 1437 950 1493 qno

158 1523 309 1590 argenton
331 1521 380 1569 ant
399 1530 458 1569 non
478 1511 518 1568 ita
534 1518 591 1587 agi,
606 1522 638 1569 ut
651 1512 791 1584 debuerit,
806 1532 841 1571 ao
857 1513 950 1571 lione·

156 1609 210 1681 rit;
231 1618 269 1681 et,
283 1609 308 1666 ai
322 1608 391 1665 artie
404 1626 467 1665 ease
486 1609 601 1682 patetis,
616 1626 660 1679 ea,
675 1626 737 1683 qnae
758 1608 803 1667 irai
826 1611 950 1686 aeripto-

156 1723 203 1764 ree
230 1706 298 1763 artie
324 1704 439 1775 docent,
466 1704 578 1761 dieoere
613 1702 690 1780 (qnae
725 1706 814 1763 multo
846 1716 948 1765 tamen

108 1814 140 1863 te
155 1802 292 1873 ornatius,
320 1819 404 1876 qnam
432 1801 467 1858 ab
495 1800 550 1857 illir
583 1800 728 1872 dicuntur,
755 1810 785 1859 et
816 1803 947 1877 uberius,

155 1898 307 1973 explicavit
327 1897 503 1976 Antonius);
525 1896 585 1967 eed,
606 1897 630 1954 ai
651 1897 695 1954 his
715 1898 844 1956 contenti
864 1899 947 1973 eatis,

156 2003 240 2068 atque
266 1994 302 2050 iia
327 1994 425 2063 etiam,
448 2012 512 2069 qnae
538 1992 597 2050 dini
624 1994 751 2052 voluistis
776 2013 793 2052 a
816 2013 880 2066 me;
909 2014 947 2055 ex

155 2085 267 2163 ingenti
279 2086 401 2162 quodam
422 2099 564 2144 oratorem
585 2086 781 2163 immensoque
794 2106 900 2164 eampo
913 2090 945 2148 in

156 2183 292 2260 exignum
305 2202 375 2241 eane
388 2202 491 2260 gyrum
504 2182 682 2259 compellitis.

107 2290 140 2341 ὓ)
195 2280 248 2337 Sin
265 2289 391 2338 veterem
411 2280 491 2338 illum
511 2278 663 2350 Periclem,
678 2289 726 2337 ant
746 2279 824 2337 huno
843 2281 943 2355 minan,

155 2376 205 2452 qni
220 2376 384 2435 familiarior
397 2377 482 2435 nobie
494 2386 609 2453 propter
621 2376 795 2451 ¹scriptorum
815 2378 944 2437 multitu·

155 2473 253 2531 (linem
279 2484 333 2544 eet,
360 2473 596 2543 Demosthenem,
622 2472 705 2546 aequi
731 2462 825 2545 vultia',
853 2484 892 2544 et,
916 2475 942 2533 si

156 2570 233 2627 illam
260 2571 425 2646 praeelaram
452 2580 481 2626 et
507 2569 641 2626 eximiam
667 2570 794 2643 speeiem
819 2570 941 2628 oratorie

154 2666 275 2742 perlecti
293 2679 322 2725 et
339 2666 582 2743 pulchritudinem
605 2665 771 2735 adamrlstis;
795 2676 843 2723 aut
861 2667 940 2724 vobin

108 2764 141 2815 2⁵
154 2762 217 2822 heo
237 2764 408 2835 Carneadia,
422 2772 473 2819 ant
491 2762 541 2819 illa
559 2760 736 2831 Aristotelia,
750 2760 792 2818 vie
812 2778 941 2838 eompre-

154 2860 307 2919 hendenda
326 2872 378 2918 est
418 2858 553 2933 Namque
574 2856 619 2934 (ut
646 2867 712 2914 ante
737 2856 809 2937 dixi)
831 2872 940 2917 vetere·

153 2957 206 3029 illi,
220 2974 310 3033 nsque
323 2956 359 3011 ad
376 2956 537 3027 Socratem,
552 2970 665 3013 omnem
687 2954 813 3011 omnium
834 2970 939 3027 rerum,

152 3069 218 3127 quo
232 3052 268 3111 ad
281 3068 377 3109 mores
395 3050 633 3124 hominumque
654 3048 689 3107 ad
709 3048 805 3121 ritarn,
820 3068 885 3125 qno
904 3050 940 3109 ad
