2109 3417
117 285 203 346 nn]
402 284 447 334 na
467 281 632 332 omnoan
896 273 956 336 129

118 451 159 494 eo
177 431 342 493 testimonio
361 431 495 506 dicendo,
515 431 615 492 omnia
634 429 757 492 consilia
776 431 908 492 eonsule-

118 531 168 589 ttis
187 529 255 602 mei,
270 529 373 607 quibus
393 529 435 588 illi
455 529 571 588 tribuno
588 529 680 607 plebis
692 547 745 607 pro
758 529 908 605 republioi

118 623 299 695 restitissem,
325 643 445 702 queque
468 626 561 684 abeo
582 635 684 684 eontra
702 625 907 710 rempublieam

120 723 200 784 sacta
224 723 386 795 arbitrarer,
408 721 537 799 exposui.
588 721 648 782 Diu
674 731 802 781 retentus
825 741 905 795 sum;

100 817 212 878 'multa
244 816 355 889 audivi3
388 817 480 876 multa
509 817 653 894 respondi.
706 816 785 876 Num
820 817 937 896 igitnrb

118 911 227 997 plaeet,
252 931 320 1001 enm
345 913 382 972 de
414 913 580 990 eloquentie
611 912 771 990 precipias,
799 913 906 990 aliquid

119 1009 210 1069 etiam
239 1009 277 1068 de
308 1009 481 1068 testimoniis
512 1009 654 1081 dicendis,
681 1009 762 1086 quasi
788 1009 818 1068 in
846 1021 906 1068 arte

119 1106 254 1165 traderet
306 1105 389 1163 Nihil
415 1124 495 1179 sane,
516 1104 615 1182 inquit¹
635 1103 766 1178 Catulus,
786 1123 906 1166 neeesse

118 1212 173 1260 est.

159 1393 231 1454 XII.
261 1393 345 1458 Quid
358 1394 384 1453 si
397 1393 488 1473 (quod
508 1413 584 1471 sepe
602 1395 722 1454 summis
741 1395 809 1455 viris
830 1396 951 1456 soei-10

119 1489 181 1571 dit)
199 1490 335 1550 mandata
352 1491 411 1550 sint
429 1491 608 1569 exponenda,
630 1502 678 1550 aut
697 1492 727 1550 in
748 1502 848 1551 senatu
869 1495 905 1552 ab

118 1585 303 1663 imperatore,
323 1597 373 1646 ant
392 1587 429 1646 ad
447 1588 648 1665 imperatorem
671 1598 719 1647 aut
746 1588 782 1646 ad
807 1605 904 1666 regem

120 1694 172 1742 aut
192 1683 228 1742 ad
246 1683 383 1760 populum
411 1683 535 1760 aliquem
555 1703 572 1743 a
591 1686 712 1743 senatui
738 1702 818 1755 num,
839 1685 907 1760 quia

119 1797 228 1857 genere
240 1779 379 1838 orationis
391 1779 422 1839 in
435 1779 598 1857 hujusmodi
617 1779 711 1838 oausis
726 1780 905 1838 aoouratiore

118 1885 167 1934 est
184 1876 333 1949 utendum,
351 1876 461 1935 ideireo
479 1863 651 1952 purs'e‘tiam
672 1876 735 1934 heo
755 1885 903 1934 causarum
921 1884 953 1934 15

118 1971 301 2031 numeranda
325 1971 447 2044 videtur,
468 1982 516 2030 aut
541 1972 664 2050 propriis
689 1972 841 2048 preceptis
862 1973 906 2048 jn·

118 2067 277 2127 struenda?
315 2066 437 2126 Minime
463 2059 546 2140 vero,
563 2067 655 2144 inquit
682 2068 818 2126 Catulus:
846 2087 904 2127 non

5 2212 6 2216 ,
120 2163 200 2222 enim
220 2163 312 2222 deerit
332 2163 442 2221 homini
464 2163 570 2222 diserto
596 2164 626 2222 iu
652 2164 794 2242 ejusmodi
819 2166 905 2224 rebus

5 2328 6 2342 χ
120 2259 254 2331 facultas,
274 2277 311 2318 ea
329 2260 432 2318 oeteris
459 2259 544 2318 rebus
564 2269 593 2318 et
613 2261 708 2318 causis
731 2272 902 2338 comparata.

120 2355 201 2433 Ergo
213 2355 292 2428 item,
307 2355 408 2432 inquit,
423 2355 481 2426 illa,
495 2372 558 2431 que
574 2374 649 2431 sepe
668 2357 774 2414 diserte
794 2359 904 2434 agenda
919 2369 952 2420 20

119 2461 199 2525 sunt,
213 2459 244 2509 et
262 2469 325 2527 que
344 2470 400 2528 ego
419 2450 505 2527 paulo
525 2461 591 2509 ante
612 2451 692 2528 (oum
712 2453 903 2528 eloquentiam

119 2547 282 2628 laudarem)
296 2547 356 2605 dixi
369 2548 488 2607 maioris
501 2566 574 2620 esse,
588 2567 681 2624 neque
695 2549 801 2607 habent
820 2569 902 2608 suum

6 2707 11 2714 ,
119 2643 219 2703 locum
232 2643 321 2712 ullum
335 2643 365 2702 in
379 2643 518 2703 divisione
533 2643 666 2720 partium,
680 2661 774 2720 neque
793 2656 904 2704 eertum

119 2749 330 2817 preoeptorum
351 2759 444 2818 genus
463 2749 492 2798 et
515 2740 627 2818 agenda
646 2748 712 2799 sunt
731 2759 788 2800 non
808 2741 903 2800 miuus

119 2835 238 2908 diserte,
257 2855 425 2914 quamque
445 2837 476 2896 in
495 2836 546 2896 lite
570 2836 714 2909 dicuntur,
734 2836 904 2915 objurgatio,
919 2849 952 2898 m

119 2932 294 3006 eohortatio,
315 2933 491 2993 consolatio:
519 2951 641 3008 quorum
661 2932 733 2991 nihil
754 2943 806 3003 est,
828 2933 904 3008 quod

118 3019 183 3092 non
194 3045 308 3090 summ
319 3029 436 3090 dicendi
456 3039 606 3094 eramenta
624 3028 784 3088 desideret:
805 3028 854 3085 sed
869 3044 905 3100 ea
