2109 3417
112 311 153 371 ω
432 318 476 370 nn
496 316 659 370 ortarottn.
847 313 946 380 [um.

159 468 241 529 alteri
262 469 380 544 affinxit,
393 469 430 529 de
450 470 540 529 altero
559 468 678 543 limavit,
691 477 723 526 ut
737 466 767 526 id
780 466 946 527 conforma-

158 576 201 625 ret
214 566 244 626 in
261 577 390 644 utroque,
403 568 480 644 quod
499 567 646 643 utriusque
665 574 768 623 natura
785 574 944 641 pateretur.
1040 602 1043 705 p

196 755 234 816 X.
266 758 339 818 Haec
358 777 395 817 eo
413 758 484 817 mibi
502 757 685 835 praedicenda
707 756 831 829 luerunt,
851 766 894 830 ut,
915 754 943 815 ei

156 872 215 912 non
229 854 335 926 omnia,
349 874 412 930 quae
424 862 646 930 proponerentur
661 870 746 925 arne,
761 852 796 909 ad
809 852 942 911 omniunt
1042 926 1043 935 ἵ

125 949 279 1017 liveatnim
299 950 433 1022 studium,
448 959 477 1007 et
497 949 532 1008 ad
553 968 644 1026 genus
662 949 703 1020 id,
722 948 797 1024 quod
817 949 942 1024 quisque

156 1046 279 1105 vestrum
300 1046 330 1105 in
349 1046 474 1104 dicendo
492 1046 635 1123 probaret,
657 1045 894 1118 adhereacerent,
908 1046 940 1104 id

157 1160 175 1199 a
199 1160 246 1198 me
271 1160 362 1219 genua
386 1141 506 1218 exprimi
533 1140 685 1214 sentiretis,
712 1141 788 1217 quod
814 1142 941 1200 maxime

155 1236 226 1293 mibi
240 1236 293 1313 ipsi
305 1237 482 1313 probaretur.

194 1332 272 1411 Ergo
299 1333 361 1391 lucc
387 1343 416 1391 et
443 1334 553 1413 agenda
579 1334 705 1392 suntab
728 1343 850 1407 oratore,
872 1354 939 1411 quat

110 1436 141 1486 10
155 1428 305 1505 explicavit
325 1429 478 1502 Antonius,
500 1439 529 1488 et
548 1430 671 1487 dicenda
691 1430 813 1506 quodam
841 1432 937 1490 modo.

153 1523 282 1586 Quinam
303 1526 389 1603 igitur
408 1526 525 1584 dicendi
544 1536 588 1584 est
607 1526 708 1584 modus
728 1527 836 1599 melior,
854 1526 939 1605 (narn

154 1620 191 1679 de
218 1622 340 1706 actione
354 1632 418 1699 post
444 1622 556 1702 videro)
584 1642 668 1698 qnam
701 1635 742 1681 ut
764 1623 876 1696 Latine,
904 1634 938 1683 ut

152 1717 247 1794 plane,
262 1728 293 1776 ut
312 1728 421 1790 ornate,
441 1729 474 1777 ut
493 1718 529 1776 ad
549 1718 588 1791 id,
605 1718 804 1796 quodcumque
825 1730 938 1797 agetur,

155 1823 219 1889 apte
245 1823 491 1891 coagmenterque
517 1814 667 1873 dicamual
712 1814 808 1891 Atque
834 1834 939 1875 eorum

107 1910 278 1986 tequidem,
304 1930 367 1986 quoe
394 1910 453 1967 dno
484 1910 577 1986 prima
608 1910 677 1983 dixi,
704 1912 844 1969 rationem
874 1931 938 1971 non

155 2004 274 2063 arbitror
293 2005 452 2081 exspectari
472 2024 489 2064 a
508 2024 564 2078 me,
584 2006 649 2081 puri
675 2005 850 2082 dilucidique
877 2028 947 2066 aer··

152 2099 260 2158 monis:
281 2118 374 2175 neque
386 2099 464 2158 enim
478 2119 616 2159 conamur
630 2101 733 2159 docere
746 2120 810 2158 enm
825 2102 937 2175 dicere,

151 2196 201 2271 qui
220 2195 299 2271 loqui
319 2196 445 2268 nesciat3
465 2214 521 2255 neo
542 2215 664 2273 sperare,
684 2197 732 2273 qui
752 2196 855 2256 Latine
873 2216 937 2258 non
1039 2196 1040 2201 '

150 2291 249 2369 possit,
265 2292 342 2350 bunc
362 2302 462 2351 ornate
480 2312 543 2351 ease
564 2292 723 2351 dicturum:
744 2312 836 2369 neque
854 2312 937 2367 vero,

14 2410 30 2437 r
105 2400 137 2451 ὓ]
150 2387 199 2465 qui
219 2407 278 2447 non
304 2388 392 2461 dicat,
411 2389 488 2464 quod
514 2389 717 2467 intelligamus,
737 2388 814 2449 huno
838 2410 937 2466 poene,

151 2484 227 2560 quod
260 2485 441 2556 admiremur,
474 2485 579 2544 dicere.
638 2484 813 2561 Linquamus
845 2486 937 2564 igitur
1037 2550 1038 2553 ,

151 2580 223 2652 baec,
250 2600 313 2657 qnae
339 2581 533 2660 cognitionem
561 2582 667 2640 habent
700 2582 824 2655 facilem,
848 2599 936 2643 neum

150 2678 359 2737 necessarium:
380 2697 446 2737 nam
468 2678 587 2736 alterum
607 2678 726 2736 traditur
745 2678 845 2750 literis,
865 2679 938 2738 door

149 2772 283 2849 trintique
312 2774 431 2851 puerili;
465 2774 583 2832 alterum
617 2772 767 2833 adhibetur
799 2775 838 2832 ob
868 2793 936 2835 earn

105 2880 137 2930 z
151 2887 277 2944 canaam,
305 2881 337 2929 nt
369 2870 553 2947 intelligatur,
585 2869 654 2946 quid
686 2871 805 2946 quisque
837 2868 935 2930 dicat:

152 2966 228 3041 quod
242 2966 370 3023 videmur
383 2965 423 3023 lta
442 2982 504 3023 eaae
524 2966 727 3042 neceesarium,
741 2976 773 3027 nt
788 2952 885 3027 tamen
898 2984 938 3029 eo

152 3061 247 3121 minue
259 3060 331 3121 nibil
344 3061 519 3139 eoaepocoit.
