2109 3417
118 252 157 313 86
435 260 478 321 nn
499 259 662 307 oasaona.
872 257 941 317 [nn

117 396 122 413 i
160 426 266 479 rernm,
281 417 328 465 aut
348 406 384 464 de
404 407 537 466 humanis
556 408 642 465 rebus
665 406 824 481 loquantur.
865 403 942 462 Niti·
1047 473 1048 484 χ

159 506 228 563 dum
254 504 396 579 quoddam
422 524 513 581 genus
539 514 583 561 est
608 503 760 560 verborum
782 511 811 558 et
833 500 939 571 letum,

159 601 210 659 sed
229 600 365 677 palaestra
385 600 476 677 magis
496 610 526 657 et
545 599 612 671 olei,
633 618 718 673 qnam
737 598 822 675 hujus
848 597 940 655 civilis

159 698 249 754 turbae
270 715 303 754 ae
324 692 385 753 fori.
427 696 561 771 Namque
588 704 713 772 egomet,
733 694 782 769 qni
809 710 884 765 sero,
905 712 940 751 ao

130 802 146 849 5
158 791 256 848 ieviter
270 791 386 849 Graeoas
399 791 496 848 literas
517 790 684 867 attigissem,
698 800 794 847 tamen
808 806 939 863 cumpro

159 874 277 946 consule
298 886 327 943 in
348 886 482 943 Ciliciam
502 886 688 963 proficiscens
703 886 832 942 Athenas
848 885 940 942 venis·

158 1002 229 1055 sem,
244 983 403 1057 complures
423 993 484 1039 tum
506 983 546 1039 ibi
566 983 627 1040 dies
648 1001 711 1040 sum
730 992 844 1057 propter
861 980 939 1038 navi·

157 1079 244 1156 gandi
264 1078 460 1136 difficultatem
481 1089 689 1136 commoratus:
711 1078 771 1148 sed,
785 1096 851 1135 oum
871 1095 939 1151 quo·

157 1175 227 1232 tidie
246 1193 359 1233 meeum
380 1174 514 1231 haberem
536 1175 664 1232 homines
679 1174 873 1245 doctissimos,
888 1192 939 1231 eos

113 1268 144 1317 10
158 1271 216 1328 fere
237 1270 313 1347 ipsos
333 1270 381 1345 qui
403 1272 452 1332 aba
466 1281 494 1328 te
509 1272 594 1328 modo
614 1281 681 1327 sunt
694 1269 843 1341 nominati,
860 1288 938 1326 oum·

157 1386 212 1441 qne
226 1367 291 1437 hoo,
305 1366 405 1423 nescio
419 1367 572 1441 quomodo,
587 1367 661 1442 apud
675 1385 725 1423 eos
739 1365 937 1436 increbuisset,

155 1481 202 1521 me
216 1462 246 1519 in
260 1462 354 1519 causis
374 1462 537 1539 majoribus,
552 1463 637 1520 sicuti
657 1472 696 1534 te,
710 1460 802 1518 solere
822 1462 937 1533 versari,

155 1576 207 1633 pro
228 1577 259 1615 se
278 1557 408 1633 quisque,
422 1567 453 1614 nt
472 1567 591 1633 poterat,
611 1559 646 1634 de
666 1556 810 1614 offioioet
829 1557 939 1614 ratione

157 1654 276 1713 oratoris
296 1654 464 1730 disputabat.
506 1654 618 1711 Horum
641 1653 698 1724 alii,
713 1653 787 1710 siout
808 1652 861 1710 iste
877 1652 939 1729 ipse

112 1754 144 1805 15
155 1750 356 1821 Mnesarchus
375 1753 437 1822 hos,
452 1770 523 1826 quos
543 1771 595 1810 nos
614 1761 741 1807 oratores
760 1768 937 1821 vocaremus,

156 1848 228 1906 nihil
243 1865 306 1905 esse
320 1847 443 1919 dicebat,
455 1848 511 1904 nisi
522 1848 660 1922 quosdam
674 1846 827 1922 operarios,
838 1846 938 1922 linguai

157 1944 244 2001 aeleri
265 1953 293 2000 et
313 1944 485 2013 exercitati3
512 1954 652 2001 oratorem
680 1953 784 2013 antem,
806 1941 862 1999 nisi
888 1940 937 2015 qui

156 2039 269 2115 sapiens
289 2048 372 2110 esset,
394 2057 456 2096 esse
476 2038 637 2095 neminem:
666 2048 749 2112 atque
770 2037 860 2112 ipsam
880 2036 938 2093 elo-

156 2133 311 2209 quentiam,
332 2133 409 2207 qnod
429 2152 465 2189 ex
485 2134 559 2190 bene
585 2133 701 2191 dicendi
727 2132 848 2190 scientia
870 2150 938 2189 eon·

111 2234 143 2285 2⁰
156 2239 252 2300 staret,
279 2247 365 2286 unam
393 2228 535 2303 quandam
564 2210 795 2298 esse'virtutem,
822 2238 860 2299 et,
888 2227 938 2303 qni

157 2344 242 2383 unam
266 2325 398 2384 virtutem
426 2325 553 2395 haberat,
573 2344 672 2383 omnes
698 2325 812 2395 habere,
832 2342 938 2399 easque

156 2441 219 2493 asse
246 2422 320 2481 inter
340 2440 370 2479 se
391 2420 513 2495 equales
537 2431 566 2480 et
591 2440 690 2498 pares:
718 2421 767 2492 ita,
788 2421 837 2496 qui
863 2430 940 2479 esset

156 2518 302 2593 eloquens,
317 2536 383 2575 enm
396 2517 514 2575 virtutes
528 2537 628 2575 omnes
642 2518 756 2588 habere,
772 2527 855 2593 atque
875 2536 939 2575 esse

156 2615 321 2689 sapientem.
376 2614 434 2671 Sed
455 2614 517 2671 haeo
538 2625 599 2671 erat
620 2614 734 2689 spinosa
760 2615 889 2688 quedam
909 2623 939 2671 et

110 2720 143 2771 25
156 2710 238 2767 exilis
264 2710 365 2781 oratio,
388 2711 530 2786 longeque
559 2729 575 2768 a
601 2710 706 2767 nostris
732 2710 863 2767 sensibus
891 2710 938 2765 ab·

118 2874 121 2881 ,
157 2805 297 2862 horrebat.
339 2805 517 2863 Charmadas
542 2824 610 2863 vero
636 2806 727 2863 multo
754 2806 870 2862 uberius
890 2804 938 2859 iis·

157 2902 222 2959 dem
249 2901 285 2958 de
310 2903 397 2961 rebus
428 2903 613 2978 loquebatnr;
648 2921 706 2959 non
733 2920 789 2977 quo
816 2897 938 2975 aperiret

157 2997 327 3067 sententiam
351 3018 447 3072 suam3
476 3000 525 3059 hio
552 3000 627 3058 enim
655 3016 718 3056 mos
744 3006 805 3054 erat
829 2992 939 3068 patrius
