2109 3417
8 319 9 332 ³
105 308 125 367 4
423 320 467 367 nn
487 318 650 366 onnuonn.
849 322 890 382 [u.
899 322 931 369 11.

147 466 312 542 proborum,
333 466 530 539 demissorum,
550 486 609 525 non
631 466 750 539 aerium,
767 486 826 525 non
845 470 932 544 perti·

148 562 273 632 naaion,
294 579 351 619 non
371 562 569 639 litigiosorum,
590 582 648 620 non
670 564 837 621 acerborum
853 574 930 638 sunt,

148 657 229 714 valde
259 658 484 715 benevolentiam
517 658 684 731 conciliant,
712 660 931 735 abalienantque

150 755 184 811 ab
199 754 243 825 iis,
257 754 288 811 in
309 755 411 829 quibus
431 755 493 812 haeo
512 738 571 811 uon
592 765 665 812 sunt.
707 754 809 831 Itaque
828 758 931 814 'eadem

119 858 215 908 osunt
241 851 271 908 in
299 851 473 908 adversarios
499 870 536 909 ex
568 851 713 909 contrario
746 854 929 913 eonferenda.

149 948 207 1004 Sed
233 967 324 1025 genus
351 948 405 1004 hoo
432 958 532 1005 totum
553 947 689 1005 orationis
716 948 746 1005 in
773 949 809 1007 iis
835 949 931 1007 causis

148 1044 278 1114 excellet,
293 1045 323 1100 in
343 1042 445 1119 quibus
464 1043 559 1101 minus
578 1053 672 1119 potest
688 1044 856 1102 inflammari
871 1046 931 1103 ani-

42 1172 45 1175 ·
148 1158 212 1196 mus
229 1139 336 1215 judicis
357 1140 415 1197 aeri
430 1149 458 1197 et
473 1139 632 1197 vehementi
654 1140 777 1215 quddam
791 1141 931 1199 incitatio-

149 1254 194 1291 ne.
243 1234 311 1292 Non
335 1235 412 1291 enim
435 1234 546 1309 semper
569 1235 649 1294 sortis
671 1236 761 1293 oratio
785 1237 929 1313 quaeritur,

104 1345 135 1393 ιο
150 1331 200 1387 sed
220 1350 294 1406 saepe
313 1330 435 1407 placida,
456 1330 607 1402 submissa,
628 1330 710 1402 lenis,
724 1350 786 1406 quae
807 1333 930 1389 maxime

150 1424 332 1481 commendat
345 1443 417 1482 reos.
458 1424 540 1482 Reos
559 1437 652 1483 autem
674 1427 792 1501 appello,
807 1446 865 1483 non
879 1446 930 1485 eos

150 1521 236 1579 modo
255 1521 304 1596 qui
325 1530 489 1597 arguuntur,
510 1523 559 1579 sed
581 1540 680 1579 omnes
704 1542 820 1597 quorum
833 1517 878 1580 'de
898 1541 930 1581 re

150 1618 342 1693 disceptatur:
363 1617 492 1674 eioenim
500 1618 569 1673 olim
583 1617 777 1692 loquebantur.
818 1616 930 1677 Horum

149 1714 236 1792 igitur
250 1714 406 1790 exprimere
419 1732 512 1770 mores
532 1713 660 1771 oratione
677 1714 778 1790 justos,
793 1714 930 1791 integrm,

104 1825 135 1874 15
148 1812 307 1888 religiosos,
329 1810 456 1880 timidos,
481 1808 656 1889 perferentes
682 1810 858 1885 injuriarum,
878 1812 931 1869 mi-

148 1924 212 1964 rum
230 1906 366 1981 quiddam
385 1905 476 1962 valet:
496 1915 525 1962 et
539 1905 595 1961 lroo
608 1904 652 1962 vel
666 1905 695 1962 in
713 1905 871 1981 prineipiis,
885 1906 930 1964 vel

149 2002 179 2059 in
199 2020 230 2058 re
249 2001 402 2073 narrandi,
416 2001 460 2059 vel
481 2001 510 2057 in
530 2000 700 2076 perorandi,
716 2011 823 2059 tantam
845 2001 932 2060 habet

148 2098 216 2169 vim,
231 2097 255 2153 ai
275 2106 319 2153 est
338 2098 461 2154 suaviter
480 2107 510 2153 et
529 2115 596 2153 oum
607 2115 701 2153 sensu
722 2107 884 2169 tractatum,
899 2108 932 2156 ut

149 2212 225 2268 saepe
244 2193 309 2269 plus
328 2211 413 2267 quam
433 2211 520 2250 eausa
539 2192 640 2250 valeat.
686 2192 813 2251 Tantum
835 2202 931 2251 autem

104 2296 136 2346 20
149 2289 272 2347 efficitur
299 2308 384 2347 sensu
409 2289 542 2364 quodam,
565 2306 598 2345 ae
622 2288 731 2346 ratione
752 2288 877 2359 dicendi,
898 2299 932 2346 ut

150 2386 231 2460 quasi
257 2402 351 2443 morea
376 2384 496 2442 oratoris
522 2384 638 2461 effingat
664 2383 762 2441 oratio.
816 2386 931 2442 Genere

150 2480 228 2538 enim
242 2480 365 2555 quodam
379 2480 592 2551 sententiarum,
608 2489 636 2537 et
649 2498 755 2555 genere
769 2480 930 2551 verborum,

151 2576 279 2635 adhibiti
298 2576 384 2633 etium
408 2576 521 2633 actione
544 2576 612 2647 leni,
635 2574 855 2651 facilitatemque
875 2576 931 2652 sig·

150 2672 289 2742 nilioanti,
310 2672 441 2741 efficitur,
462 2682 494 2727 ut
510 2672 605 2746 probi,
626 2682 658 2729 ut
677 2672 751 2729 bene
770 2672 883 2743 morati,
898 2680 932 2728 ut

104 2783 137 2833 Ξ)
150 2769 219 2827 boni
232 2768 284 2826 riri
296 2787 360 2826 esse
374 2767 529 2826 videantur.

189 2960 298 3020 XLIV.
329 2960 409 3019 Huio
428 2970 522 3019 autem
542 2969 586 3019 est
609 2960 659 3017 illa
679 2960 774 3036 dispar
797 2960 932 3036 adjuncta

150 3059 224 3118 ratio
242 3057 389 3127 orationis,
402 3076 465 3135 que
485 3057 541 3116 alio
561 3057 684 3131 quodam
699 3074 805 3134 genere
820 3065 932 3115 mentes
