2109 3417
107 269 168 332 rte
425 279 470 328 us
490 279 654 328 omnum.
858 277 944 339 [nn.

155 444 254 486 eorum
273 427 421 502 partimin
434 429 549 505 pompe,
567 427 714 504 partimin
730 427 802 500 acie,
818 426 943 486 illustres

155 541 219 582 esse
232 524 388 584 voluerunt

193 716 309 776 XXIII.
339 717 441 791 Itaque
467 728 497 776 et
523 717 575 789 illi,
603 717 795 794 Theopompi,
820 717 942 794 Ephori,

155 797 468 886 PhilirthNaucrate,
491 814 632 889 multique
656 814 704 871 alii
729 814 838 872 naturis
861 814 944 872 diffe-

122 920 140 970 5
155 918 239 979 runt;
259 909 405 967 voluntate
419 919 514 968 autem
527 909 636 966 similes
648 919 725 979 sunt,
736 919 765 966 et
779 910 942 982 intersere,

155 1015 185 1062 et
198 1005 342 1080 magistri:
364 1016 393 1065 et
414 1004 444 1076 ii,
459 1005 508 1079 qui
527 1023 559 1061 ee
581 1004 615 1061 ad
630 1023 732 1062 causas
746 1004 942 1077 contulerunt,

155 1111 188 1158 ut
210 1101 427 1171 Demosthenes,
452 1100 624 1176 Hyperides,
646 1100 805 1176 Lycurgus,
826 1101 944 1158 AEechi-

155 1215 217 1268 nes,
231 1197 406 1267 Dinarchus,
421 1197 526 1270 aliique
547 1197 719 1271 complures,
740 1197 795 1253 etsi
815 1198 889 1253 inter
910 1215 943 1255 se

154 1312 238 1369 pares
258 1311 316 1350 uon
338 1293 460 1363 suerunt,
476 1302 573 1350 tamen
594 1305 661 1350 suut
681 1311 780 1349 omnes
794 1293 823 1349 in
838 1293 942 1350 eodem

109 1402 140 1451 lu
156 1389 283 1446 veritatis
297 1389 441 1446 imitandae
461 1407 567 1466 genere
581 1389 694 1459 versatI,
710 1407 828 1464 quorum
843 1406 944 1463 quam-

154 1485 204 1543 diu
224 1485 330 1543 mansit
349 1485 481 1556 imitatio,
495 1483 604 1542 tamdiu
625 1502 717 1562 genus
737 1483 807 1542 illud
823 1484 942 1542 «licendi

155 1582 338 1656 studiumque
374 1580 459 1639 vixit:
492 1592 685 1656 posteaquam,
719 1580 852 1638 extinctis
885 1580 941 1652 his,

155 1679 250 1738 omnis
270 1697 368 1736 eorum
389 1678 527 1735 memoria
552 1678 658 1734 sensim
678 1677 829 1734 obscurata
849 1686 892 1734 eet
912 1687 943 1734 et

155 1775 286 1845 evanuit3
312 1775 369 1832 alia
391 1774 521 1849 quiedam
545 1774 661 1832 dicendi
686 1774 817 1831 molliora
840 1793 875 1830 ac
898 1791 943 1832 re-

110 1876 141 1925 15
155 1871 287 1929 missiora
305 1889 412 1947 genera
431 1870 591 1947 riguerunt.
642 1869 714 1926 Inde
735 1869 941 1942 Demochares,

156 1986 241 2042 quem
268 1966 349 2024 aiunt
372 1951 477 2025 sororis
502 1966 593 2024 lilium
620 1965 707 2023 suisse
734 1965 940 2023 Demostheni:

155 2073 217 2121 tum
231 2062 387 2120 Phalereus
406 2062 455 2119 ille
474 2061 649 2132 Demetrius,
663 2061 792 2118 omnium
811 2061 941 2132 istorum,

155 2158 221 2215 mei
240 2157 392 2229 seutentii,
406 2157 602 2233 politissImue,
622 2157 725 2232 aliique
745 2175 843 2214 eorum
865 2158 942 2216 simi·

157 2255 199 2312 les
212 2253 387 2312 exstiterunt.
427 2253 505 2315 Qum
524 2254 549 2310 si
570 2253 698 2312 volemus
718 2271 807 2328 usque
827 2253 861 2310 ad
884 2254 941 2312 hoc

109 2355 142 2406 w
157 2361 269 2426 tempus
281 2350 430 2425 persequi3
452 2349 655 2426 intelligemur,
671 2360 702 2406 ut
717 2350 802 2407 hodie
815 2351 943 2408 Alaban-

157 2447 273 2506 densem
294 2445 374 2505 illum
395 2446 569 2518 Meneclem,
583 2457 613 2515 et
623 2447 687 2521 'ejus
703 2447 828 2504 srutrem-
839 2445 943 2504 Hiero-

158 2543 241 2616 clem,
261 2561 333 2619 quos
353 2562 408 2620 ego
429 2541 534 2615 audiri,
555 2553 616 2601 totu
636 2541 762 2599 imitetur
783 2543 870 2612 Asia3
898 2543 942 2601 sic

157 2658 269 2716 semper
289 2639 377 2697 luisse
397 2639 529 2715 aliquem,
544 2639 628 2716 cujus
643 2658 675 2696 sc
688 2639 796 2696 similes
815 2639 943 2715 plerique

157 2754 220 2794 esse
233 2735 345 2794 vellent

109 2839 141 2890 25
195 2830 282 2889 Hauc
302 2831 388 2909 igitur
401 2829 618 2892 similitudinem
631 2829 678 2906 qui
694 2828 854 2888 imitatione
867 2847 943 2886 asse·

154 2927 206 3007 qui
231 2927 316 3003 volet,
343 2937 403 2986 tum
429 2926 682 2987 exercitationibus
715 2926 823 2986 crebris
855 2935 942 3001 atque
