2109 3417
105 277 163 338 114
422 287 466 334 ne
486 285 650 335 ommim
849 285 890 346 [ι.
901 286 935 334 11.

147 435 259 512 loquor,
273 455 349 512 sepe
369 437 536 508 tudiemnt3
558 445 588 494 ut
608 435 680 495 duos
699 453 826 493 summos
845 435 935 508 viros,

148 532 186 590 iis
204 533 253 608 qui
273 544 407 590 neutrum
427 534 540 591 illorum
560 533 692 602 viderint,
709 551 808 589 eorum
829 532 937 607 quibus

149 629 234 687 ambo
253 628 296 686 illi
315 640 442 688 oratores
462 629 571 706 cogniti
592 629 659 700 sint,
673 629 801 686 virorum
817 643 847 686 et
861 647 936 705 prte-

147 725 283 800 sentium,
296 725 435 783 memorii
448 735 531 797 teste,
546 725 788 783 oommendemus.

116 919 134 969 5
186 916 241 977 111.
271 916 338 975 Neo
370 935 438 974 vero
470 927 509 988 te,
544 917 690 975 carissime
726 917 812 976 irater
846 927 933 993 atque

146 1014 263 1091 optime,
283 1013 436 1071 rhetoricis
454 1031 534 1070 nune
553 1013 723 1088 quibusdam
748 1013 838 1085 libris,
858 1033 933 1089 quos

146 1121 179 1168 tn
206 1119 332 1187 agrestes
356 1119 449 1185 putes,
473 1108 607 1184 insequor
630 1119 662 1166 ut
685 1109 831 1166 erudiam:
852 1109 931 1184 ,quid

147 1205 229 1264 enim
244 1205 295 1262 tui
313 1215 406 1282 potest
426 1204 556 1262 oratione
576 1215 624 1262 out
640 1205 773 1262 subtilius
787 1215 835 1264 aut
848 1224 939 1288 ornaff.

147 1302 204 1359 tius
215 1303 298 1359 esset
339 1301 398 1358 Sed
411 1319 582 1376 quanquam,
597 1301 656 1379 sive
667 1301 789 1376 judicio,
804 1311 835 1360 ut
850 1301 936 1360 soleo

103 1399 134 1448 1⁰
148 1397 255 1468 dioere,
281 1398 351 1469 sive,
378 1406 410 1454 ut
436 1396 485 1454 ille
515 1407 596 1472 peter
629 1396 797 1471 eloquentiae
830 1397 866 1455 de
899 1417 931 1455 se

147 1492 290 1552 Isocrates
315 1492 430 1568 scripsit
456 1492 526 1567 ipse,
553 1492 672 1569 pudore,
690 1512 718 1566 ¹a
743 1493 877 1564 dioendo,
901 1503 932 1552 et

147 1590 300 1648 timiditate
326 1589 452 1667 ingenui
477 1589 618 1664 quidam„
637 1589 777 1666 refugisti,
805 1590 878 1668 sive,¹
898 1601 933 1670 ut

148 1686 209 1764 ipse
229 1686 321 1763 jocari
344 1687 428 1757 soles,
452 1705 541 1743 unum
564 1686 670 1762 punisti
694 1686 762 1743 satis
785 1705 848 1744 esse
871 1705 932 1744 non

149 1783 235 1842 modo
248 1782 278 1840 in
291 1782 351 1852 utri
370 1782 478 1854 familie
497 1782 650 1852 rhetorem,
664 1782 714 1839 sed
731 1801 813 1857 pene
826 1782 856 1840 in
870 1783 932 1840 tom

103 1889 134 1939 15
149 1879 280 1950 eivitate;
301 1897 360 1936 non
373 1887 470 1936 temen
484 1877 606 1935 arbitror
619 1878 672 1935 tibi
685 1878 738 1935 hos
751 1877 839 1936 libros
852 1878 882 1938 in
896 1899 933 1938 eo

149 1976 210 2033 sore
223 1992 339 2052 genere,
354 1974 429 2048 quod
450 1975 563 2046 merito,
576 1984 690 2050 propter
710 1993 817 2046 eorum,
832 1975 880 2050 qui
894 1977 933 2034 de

148 2070 264 2129 dicendi
278 2071 387 2128 ratione
401 2070 591 2146 disputirunt,
604 2071 782 2147 jejunitatem
788 2071 933 2153 :honarum

149 2166 262 2238 artium,
282 2167 372 2242 possit
391 2166 482 2224 illudi.
521 2166 603 2224 Nihil
628 2166 705 2224 enini
726 2166 795 2225 mihi
817 2167 932 2242 quidem

149 2261 260 2319 ridetur
280 2263 310 2320 in
331 2261 428 2327 Crassi
447 2272 478 2319 et
497 2263 618 2320 Antonii
638 2281 769 2322 sermone
787 2281 850 2322 esse
863 2282 933 2340 pre-

102 2363 135 2413 20
148 2358 274 2431 teritum,
288 2358 363 2433 quod
378 2357 527 2433 quisquam
543 2358 662 2416 summis
681 2359 815 2436 ingeniis,
830 2361 933 2418 acerri-

149 2453 204 2512 mis
223 2455 335 2527 studiis,
350 2454 458 2530 optimi
477 2455 619 2526 doctrine,
640 2455 765 2512 maximo
785 2475 848 2527 usu,
865 2475 933 2534 eog-

149 2550 231 2608 nosoi
251 2569 286 2609 ee
305 2550 415 2628 percipi
435 2551 561 2628 potuisse
583 2550 782 2624 arbitraretpr;
803 2553 879 2628 quod
900 2565 932 2612 tu

150 2645 286 2705 facillime
304 2647 412 2722 poteris
428 2647 569 2723 judicare,
583 2647 632 2723 qui
651 2647 832 2723 prudentiam
846 2651 933 2710 ratim

148 2760 270 2819 nemque
289 2743 404 2802 dicendi
424 2762 475 2819 per
492 2753 525 2800 te
545 2743 647 2819 ipsum,
662 2761 744 2808 usum
767 2755 859 2802 autem
880 2765 932 2820 per

102 2842 135 2895 2⁶
149 2856 211 2911 nos,
232 2840 380 2916 percipere
402 2839 528 2908 voluisti
565 2839 650 2910 ..Sed,
674 2857 732 2914 quo
750 2841 842 2902 'eitius
863 2841 929 2914 hoo,

148 2935 225 3013 quod
237 2936 425 3014 sumimur,
438 2955 498 2995 non
513 2935 660 3010 mediocre
681 2954 793 3015 mupm,
808 2937 931 2998 contos
