2109 3417
92 313 187 377 nus]
376 310 420 362 un
439 314 604 364 cosroen
870 305 934 365 lul·

18 524 19 527 ,
93 464 282 542 interpellavi,
295 480 333 524 ue
346 465 415 541 quid
429 465 535 524 dehoc
549 476 606 524 tam
621 463 726 542 exiguo
739 464 879 524 sermonis

18 611 21 645 ,
93 563 136 619 tui
149 572 286 638 tempore,
302 565 387 622 verbo
398 582 543 634 unomen,
558 562 772 621 diminueretur.

133 657 219 716 Hanc
240 660 335 736 igitur,
356 660 478 717 Crassus
502 659 605 734 inquit,
627 659 662 716 ad
685 660 789 736 legem,
811 677 883 717 cum

92 752 308 827 exercitatione,
321 766 382 812 tum
396 755 463 813 stilo
477 754 540 832 (qui
555 765 583 814 et
598 754 662 828 alia,
677 767 706 812 et
720 756 776 813 hoc
792 757 879 813 maxi·

92 869 140 906 me
159 860 242 907 ornat
262 871 296 908 ec
315 851 420 930 limat),
441 851 591 909 formanda
610 851 691 908 vobis
714 851 805 909 oratio
826 857 908 910 est..5

18 932 20 939 ’
90 945 195 1020 Neque
215 957 311 1004 tamen
331 948 388 1004 hoc
407 947 479 1005 tanti
499 947 605 1004 laboris
624 957 676 1018 est,
690 948 788 1022 quanti
802 947 879 1004 vide·

21 1045 24 1048 ’
90 1053 154 1101 tur:
175 1062 230 1100 nec
244 1054 310 1102 sunt
324 1044 387 1101 haec
406 1044 634 1119 rhythmicorum
652 1060 687 1102 ac
703 1045 878 1102 musicorum

90 1139 232 1196 acerrimd
254 1139 354 1197 normd
379 1139 545 1215 dirigenda:
560 1149 561 1152 ’
577 1151 605 1196 et
629 1140 811 1198 efficiendum
834 1150 878 1198 est

90 1234 162 1291 illud
182 1235 268 1292 modo
287 1235 377 1304 robis,
391 1253 429 1290 ne
443 1234 512 1291 fluat
532 1235 633 1306 oratio,
648 1253 685 1291 ne
699 1247 825 1312 vagetur,
840 1255 877 1294 ne

18 1344 19 1347 ’
91 1329 205 1386 insistat
225 1329 354 1400 interius,
374 1348 412 1384 ne
432 1339 565 1386 excurrat
584 1329 714 1405 longius;
739 1341 771 1388 ut
791 1351 877 1388 mern·
892 1341 923 1390 10

18 1436 20 1445 ¹
89 1425 151 1481 bris
164 1424 365 1500 distinguatur,
380 1439 412 1482 ut
425 1424 626 1480 conversiones
647 1425 749 1483 hebeat
768 1427 878 1484 absolu·

89 1531 144 1577 tas
184 1519 289 1594 Neque
303 1538 413 1595 semper
427 1519 565 1577 utendum
579 1529 622 1576 est
635 1521 833 1596 perpetuitate,
848 1533 878 1579 et

91 1616 173 1690 quasi
192 1615 381 1674 eonversione
401 1616 561 1686 verborum,
576 1615 625 1672 sed
646 1632 721 1690 saepe
735 1617 878 1691 carpende

90 1712 227 1770 membris
252 1711 455 1769 minutioribus
480 1712 572 1771 oratio
607 1722 659 1783 est,
693 1731 755 1788 quae
782 1722 877 1770 tamen

92 1809 154 1884 ipsa
167 1809 295 1866 membra
307 1818 375 1865 sunt
387 1809 514 1866 numeris
526 1809 687 1867 vincienda.
893 1820 926 1869 15

18 1973 21 1995 Ι
131 1904 234 1979 Neque
255 1923 305 1962 ros
324 1923 406 1980 paeon
429 1914 478 1964 aut
501 1905 606 1962 herous
632 1904 680 1962 ille
707 1905 875 1962 conturbet:

18 1998 21 2011 ’
89 2001 146 2078 ipsi
160 2011 314 2060 occurrent
325 2001 466 2058 arationi:
488 2001 552 2076 ipsi,
563 2001 688 2076 inquam,
703 2019 733 2057 se
746 2001 876 2073 offerent,

86 2109 121 2156 et
134 2099 356 2175 respondebunt,
371 2117 427 2156 non
441 2097 544 2154 vocati.
586 2097 774 2155 Consuetudo
794 2098 878 2156 modo

18 2246 19 2275 ,
90 2196 141 2252 itta
167 2206 204 2252 srt
229 2195 375 2252 scribendi
402 2203 486 2270 atque
519 2193 644 2264 dicendi,
672 2204 703 2251 ut
728 2193 877 2252 sententie

18 2277 19 2369 J
90 2291 185 2348 verbis
198 2292 343 2362 finiantur,
357 2309 512 2366 eorumque
526 2291 677 2347 verborum
690 2289 801 2366 junctio
814 2309 878 2347 nas·
892 2297 926 2348 20

18 2371 19 2391 ¹
91 2396 173 2444 catur
200 2406 218 2443 a
242 2387 369 2463 proceris
395 2386 522 2444 numeris
556 2405 590 2444 ac
619 2386 726 2457 liberis,
754 2386 876 2444 maxime

91 2484 181 2540 heroo
194 2493 223 2538 et
236 2501 334 2557 paeone
354 2482 511 2557 posteriore
530 2492 579 2539 aut
599 2481 716 2552 cretico,
731 2481 780 2538 sed
798 2482 875 2540 varie

91 2578 282 2653 distincteque
308 2578 447 2637 considat
498 2578 624 2635 Notatur
650 2578 737 2636 enirn¹
754 2579 895 2637 maxime·

89 2674 249 2734 similitudo
276 2674 306 2732 in
333 2673 580 2748 conquiescendo:
614 2683 652 2745 et,
680 2673 704 2732 si
719 2683 723 2693 ‘
735 2669 820 2750 primi
847 2685 895 2738 et<

89 2770 228 2849 postremi
256 2770 297 2827 illi
323 2770 411 2845 pedes
437 2783 504 2827 sunt
531 2771 586 2829 hac
618 2771 729 2829 ratione
760 2771 874 2843 serrati,
891 2779 924 2828 25

91 2867 180 2926 medii
205 2875 326 2942 possunt
350 2865 449 2938 latere,
476 2867 563 2924 modo
589 2885 627 2925 ne
653 2866 792 2925 circuitus
815 2869 876 2943 ipse

91 2964 242 3022 verborum
256 2962 294 3021 sit
307 2972 356 3020 aut
369 2962 481 3020 brevior
494 2982 580 3038 quam
589 2987 591 2994 ·
599 2981 681 3021 aures
700 2972 874 3040 exspectent,

88 3068 143 3117 aut
151 3059 268 3140 longior
281 3078 367 3137 quam
381 3060 456 3122 vires
470 3070 554 3138 atque
568 3060 663 3120 anima
674 3059 806 3137 patiatur.

329 3157 393 3217 w
