2109 3417
113 261 140 311 ιι.
151 263 184 323 1.]
392 268 435 317 nr:
458 268 627 317 onerosae
905 259 944 319 tt

110 428 232 490 quoram
253 416 408 477 erudelitas
428 430 527 479 nostro
553 420 695 497 sanguine
720 434 779 477 non
805 426 901 495 potest

110 512 236 588 expleri:
257 514 345 571 nolite
365 515 459 573 sinere
478 536 533 573 nos
552 516 687 591 cuiquam
707 516 822 588 servire,
842 514 900 572 nisi

112 609 194 667 robis
208 610 356 681 universis,
368 612 471 686 quibus
485 623 513 669 et
526 630 678 688 possumus
691 622 721 669 et
730 611 897 670 debemus.”

109 702 225 763 Omitto
246 706 431 777 “miserias''
453 708 483 766 in
510 709 624 783 quibus,
639 718 670 765 ut
690 708 732 765 illi
753 708 842 778 aiunt,
858 706 899 764 vir

112 800 193 859 srrrtis
213 820 275 859 esse
295 822 353 859 non
374 814 482 879 potest3
504 805 606 862 omitto
621 811 638 837 ‘⁴
649 804 775 875 fauces,”
790 822 827 861 ex
839 803 931 879 qui-d

113 896 168 955 bus
187 908 216 955 te
236 898 307 974 eripi
327 900 379 970 ris,
400 918 437 957 rre
456 900 566 976 judicio
590 900 689 975 iniquo
714 901 899 957 exsorbeatur

113 994 231 1071 sanguis
258 1005 340 1053 tuus:
374 996 451 1071 quod
484 996 606 1072 sapienti
633 1007 739 1073 negant
766 996 899 1054 accidere

113 1106 213 1166 posse:
236 1092 370 1148 “servire
380 1093 396 1118 ’'
419 1112 496 1163 vere,
517 1112 576 1149 non
596 1092 682 1149 modo
701 1103 740 1162 te,
761 1092 811 1149 sed
839 1092 900 1149 urri-

114 1204 226 1245 rersum
257 1200 397 1257 serratum,
425 1190 507 1265 eujus
540 1201 601 1247 tum
632 1208 749 1246 causam
784 1189 898 1265 agebas,

111 1300 201 1341 ausus
220 1302 251 1341 es
272 1284 388 1341 diceret
431 1284 569 1343 Potestne
589 1285 687 1355 virtus,
709 1286 822 1355 Crasse,
843 1292 946 1343 ser-1⁰

110 1379 183 1451 vire,
198 1380 259 1437 istis
280 1380 454 1452 auctoribus,
469 1400 590 1457 quorum
604 1392 634 1439 tu
649 1392 792 1457 precepta
807 1390 901 1442 orato-

110 1474 154 1533 ris
181 1474 317 1533 facultate
344 1476 565 1551 eompleeterisi
593 1496 655 1551 quae
682 1487 712 1540 et
738 1495 848 1553 semper
871 1486 900 1533 et

113 1570 176 1629 sola
195 1571 285 1629 libera
304 1581 357 1642 est,
378 1590 507 1647 quaque,
528 1572 641 1629 etiarnsi
668 1590 790 1647 corpora
816 1582 901 1647 capta

113 1666 172 1725 sirit
193 1666 287 1737 armis,
309 1676 357 1724 aut
377 1666 534 1725 constricta
553 1666 685 1736 vinculis,
705 1678 802 1723 tamen
814 1685 899 1723 suum

110 1762 169 1839 jus,
184 1774 268 1837 atque
288 1762 414 1831 omnium
435 1781 531 1823 rerum
545 1762 713 1837 impunitam
727 1761 898 1836 libertatern,
916 1774 947 1826 ιε

113 1868 214 1919 tenere
232 1859 343 1917 debeat.
382 1858 460 1921 Quae
480 1877 549 1916 vero
569 1857 714 1929 addidisti,
734 1876 793 1915 non
813 1858 900 1915 modo

113 1965 245 2013 senatum
278 1955 383 2013 servire
418 1956 555 2031 “posse”
585 1954 702 2030 populo,
729 1955 780 2011 sed
813 1954 900 2012 etiam

114 2058 134 2093 ‘⁶
144 2051 277 2121 debere‚''
292 2052 356 2127 quis
377 2053 433 2109 hoe
450 2050 638 2127 philosophus
650 2062 708 2109 tem
724 2051 827 2123 mollis,
841 2062 900 2110 tam

112 2146 278 2223 languidus,
292 2158 349 2205 tarn
370 2157 529 2220 enervatus,
552 2157 610 2204 tam
630 2148 727 2204 omnia
747 2148 783 2205 ad
803 2148 901 2223 volup·

113 2254 205 2303 tatem
236 2244 365 2321 eorporis
398 2243 584 2318 doloremque
617 2243 753 2316 referens,
778 2245 900 2320 probare
915 2243 947 2293 20

113 2349 225 2417 posset3
247 2350 375 2397 serratum
390 2340 495 2397 servire
507 2339 625 2415 populo,
640 2339 688 2397 eui
706 2339 826 2415 populas
839 2339 900 2414 ipse

114 2435 281 2495 moderandi
295 2446 324 2493 et
337 2435 456 2513 regendi
470 2435 514 2493 sui
530 2445 710 2511 potestatem,
724 2435 805 2511 quasi
819 2454 901 2511 quas·

115 2532 181 2597 dam
195 2532 331 2604 habenas,
345 2532 527 2591 tradidisset?

155 2720 237 2781 Lm.
265 2721 366 2797 Itaque
393 2724 454 2781 haee
482 2741 549 2781 eum
577 2742 594 2779 a
618 2734 648 2781 te
674 2722 811 2781 divinitus
843 2742 900 2800 ego

114 2818 194 2877 dieta
208 2818 369 2889 arbitrarer,
383 2817 414 2877 P.
430 2818 560 2877 Rutilius
577 2818 683 2891 Rufus,
697 2819 783 2877 horno
796 2818 899 2878 doctus
914 2821 947 2870 ’ὦ

113 2925 145 2975 et
163 2914 350 2992 philosophie
370 2914 492 2986 deditas,
513 2934 572 2972 non
592 2914 678 2973 modo
700 2934 800 2989 parum
822 2933 900 2972 eom·

112 3012 211 3089 mode,
225 3012 276 3072 sed
296 3011 384 3071 etiam
402 3012 521 3089 turpiter
534 3021 565 3069 et
578 3010 729 3089 flagitiose,
742 3011 822 3069 dieta
836 3026 899 3067 esse
