2109 3417
135 267 191 326 142
450 276 493 361 oa
516 276 678 324 onerose.
872 276 960 337 [nni.

176 425 254 496 satis,
275 425 334 497 sed,
356 435 386 482 ut
407 424 467 501 ipse
494 425 619 497 dicebas,
640 424 772 482 celeriter
800 425 961 502 exigueque

176 522 304 593 dixisses,
326 523 396 579 duas
416 523 467 578 tibi
487 523 610 596 reliquas
637 521 756 591 feceras,
777 523 962 597 quemadmo-

176 618 244 672 dum
264 617 387 693 primum
406 628 513 687 ornate,
529 617 633 673 deinde
653 616 739 672 etiarn
761 628 841 691 apte,
857 617 962 674 dicere·
1015 661 1016 698 ,

176 731 248 786 mus.
300 712 370 773 Quo
397 732 462 769 curn
496 712 640 789 ingressus
672 731 758 782 esses,
787 724 913 787 repente
938 726 962 769 te
1016 736 1017 757 i

149 808 257 883 5quasi
282 807 396 883 quidam
423 818 506 865 aestus
535 807 643 884 ingenii
662 808 704 864 tui
724 808 827 882 procul
853 828 870 867 a
891 811 963 867 terri

179 904 309 979 abripuit,
338 915 420 979 atque
454 904 482 960 in
517 904 603 961 altum
638 922 654 960 a
686 914 849 979 conspectu
885 925 963 981 paene

178 1000 304 1056 omniurn
327 1000 468 1057 abstraxit.
510 998 633 1055 Omnem
654 999 729 1055 enirn
750 1019 851 1056 rerurn
874 1002 964 1059 scien·

177 1095 245 1151 tiam
276 1094 449 1169 complexus,
475 1114 533 1151 non
567 1107 597 1152 tu
631 1094 744 1168 quidem
778 1114 845 1152 eam
882 1098 965 1154 nobis

179 1188 317 1245 tradidisti
333 1188 527 1264 (nequeenim
543 1189 596 1246 fuit
610 1202 666 1246 tam
681 1189 776 1265 exigui
791 1194 964 1271 temporis);

135 1295 164 1344 la
179 1282 238 1354 sed,
273 1284 345 1358 apud
380 1284 432 1339 hos
465 1284 532 1358 quid
565 1284 728 1359 profeceris,
762 1285 886 1355 nesci03
923 1306 966 1343 me

178 1378 292 1455 quidem
319 1380 349 1436 in
376 1379 561 1436 Academiam
589 1390 678 1436 toturn
705 1380 884 1454 compulisti.
934 1382 967 1438 ln

179 1474 235 1549 qud
256 1474 337 1531 velim
359 1474 395 1530 sit
416 1473 495 1565 illud,
510 1474 585 1549 quod
606 1492 680 1549 saepe
699 1472 833 1549 posuisti,
853 1486 888 1531 ut
909 1496 967 1533 non
1018 1499 1019 1512 ¹

178 1590 295 1628 necesse
316 1570 352 1627 sit
372 1588 538 1626 consumere
553 1581 673 1640 aetatem,
689 1579 772 1642 atque
786 1579 818 1625 ut
833 1573 968 1644 possitis
1018 1589 1019 1604 l

178 1652 226 1725 illa
246 1666 342 1724 omnia
361 1683 487 1735 cernere,
508 1664 556 1740 qui
578 1664 772 1721 tantummodo
801 1668 968 1739 aspexerit:

134 1776 165 1825 15
179 1764 229 1820 sed
252 1761 361 1820 etiarnsi
392 1771 433 1817 est
465 1760 609 1835 aliquanto
639 1758 765 1834 spissius,
789 1771 841 1817 aut
863 1761 891 1818 si
916 1782 969 1840 ego

179 1878 243 1917 sum
268 1859 382 1929 tardior,
409 1856 536 1933 profecto
565 1875 709 1930 nunquam
742 1858 968 1931 conquiescam,

179 1973 271 2031 neque
291 1952 466 2031 defatigabor
487 1964 561 2024 ante,
582 1970 665 2026 quarn
686 1951 799 2008 illorum
821 1955 969 2031 ancipites

179 2050 239 2108 vias
271 2050 459 2125 rationesque,
486 2058 514 2105 et
546 2067 598 2123 pro
631 2047 772 2121 omnibus,
800 2059 830 2105 et
861 2062 969 2109 contra

179 2145 284 2216 omnia,
298 2144 459 2220 disputandi
472 2161 636 2219 percepero.

133 2252 165 2303 at)
218 2240 294 2298 Tum
309 2240 414 2311 Caesar,
428 2240 535 2309 Unum,
549 2240 649 2315 inquit,
664 2258 710 2297 me
730 2258 765 2296 ex
784 2250 836 2296 tuo
856 2260 969 2300 sermo·

180 2354 216 2393 ne
236 2336 367 2407 maxime,
383 2334 496 2405 Crasse,
511 2335 674 2406 commovit,
689 2335 763 2410 quod
778 2353 845 2391 eum
860 2339 970 2414 negas·

180 2430 211 2507 ti,
226 2432 345 2507 quinon
361 2430 418 2488 cito
436 2430 503 2506 quid
524 2431 681 2501 didicisset,
696 2449 819 2505 unquam
841 2436 969 2489 omnino

178 2546 261 2604 posse
281 2526 456 2602 perdiscere;
478 2536 508 2583 ut
527 2526 596 2583 mihi
616 2545 674 2583 non
694 2526 731 2582 sit
751 2526 868 2582 difficile
890 2528 970 2603 peri·

180 2623 281 2693 clitari,
295 2632 324 2679 et
338 2635 386 2680 aut
400 2621 493 2678 statim
507 2622 653 2696 percipere
667 2622 730 2692 ista,
744 2640 806 2696 quae
819 2631 851 2678 tu
866 2624 969 2680 verbis

133 2728 165 2779 aa
181 2718 215 2777 ad
230 2718 331 2776 coelum
346 2716 486 2786 extulisti;
509 2727 566 2786 aut,
577 2717 601 2773 si
614 2736 671 2774 non
685 2716 835 2792 potuerim,
847 2729 969 2794 tempus

179 2833 237 2872 non
250 2814 377 2889 perdere,
393 2829 458 2868 cum
478 2823 573 2869 tamen
587 2812 632 2868 his
647 2812 750 2869 nostris
769 2812 875 2887 possim
899 2833 970 2871 esse

180 2917 339 2969 contentus.

220 3002 280 3063 Hto
312 3000 465 3077 Sulpicius,
499 3002 564 3077 Ego
599 3020 675 3072 vero,
709 3002 810 3077 inquit,
843 3003 970 3078 Crasso,
