2109 3417
459 271 502 319 Dr:
524 269 687 320 ORA'TORE.
897 276 937 334 [L.
948 274 967 321 1.

186 439 242 495 que
257 422 307 479 ebs
319 432 348 480 ta
362 422 472 480 videtur
494 424 613 481 istorum
634 422 745 494 studiis,
759 423 885 481 simodo
903 435 969 481 sunt

187 519 317 590 studiosi,
338 538 401 577 esse
422 520 545 589 factum3
565 538 641 589 nam,
664 529 696 577 ut
717 521 865 577 Socratem
888 520 969 578 illum

187 616 301 674 solitum
318 616 396 673 aiunt
410 617 516 687 dicere,
532 617 687 692 perfectum
702 616 757 673 sibi
771 636 842 691 opus
857 635 929 687 esse,
944 617 969 674 si

187 712 250 785 quis
271 712 339 769 satis
359 723 433 769 esset
455 713 617 769 concitatus
640 713 838 769 cohortatione
859 714 911 769 suri
934 714 969 769 ad

156 808 311 865 5studinm
336 810 546 885 cognoscendas
569 809 817 884 percipiendaeque
838 809 969 877 virtutis3

188 903 305 978 (quibus
326 905 402 960 enim
424 904 451 959 id
472 923 637 978 persuasum
658 914 741 974 esset,
756 914 787 961 ut
807 904 878 960 nihil
901 904 971 960 mal·

187 1001 247 1057 lent
273 1018 303 1057 se
331 1019 393 1057 esse
420 1020 504 1074 quam
536 1002 626 1056 bonos
657 1000 741 1070 viros,
769 1000 804 1057 iis
830 1000 970 1073 reliquam

188 1097 301 1154 facilem
322 1116 384 1154 esse
404 1096 596 1174 doctrinam);
617 1097 660 1153 sic
673 1115 728 1172 ego
746 1096 885 1172 intelligo,
899 1097 924 1152 si
940 1097 971 1152 in

188 1194 260 1264 haec,
275 1212 337 1267 quae
357 1193 492 1268 patefecit
507 1192 638 1249 oratione
651 1194 703 1249 sud
717 1192 848 1262 Crassus,
862 1192 971 1249 intrare

141 1288 176 1347 10'
189 1290 341 1360 volueritis,
357 1289 490 1347 facillime
510 1307 561 1345 vos
581 1288 616 1345 ad
636 1308 680 1359 ea,
697 1308 760 1364 quae
779 1288 893 1363 cupitis,
907 1306 972 1364 per·

188 1396 322 1441 venturos
355 1385 390 1441 ab
424 1383 480 1440 hoc
517 1384 606 1454 aditu,
637 1384 781 1459 janudque
815 1384 969 1459 patefacti.

118 1472 126 1499 ’
188 1480 281 1539 Nobis
301 1499 376 1551 vero,
393 1479 484 1553 inquit
505 1480 661 1555 Sulpicius,
679 1479 733 1537 ista
751 1489 818 1535 sunt
836 1490 971 1556 pergrata

187 1596 293 1653 perque
317 1576 460 1653 jucunda:
488 1576 539 1633 sed
562 1595 655 1651 pauca
678 1576 764 1633 etiam
787 1576 968 1650 requirimus,

188 1674 381 1750 imprimisque
395 1690 439 1745 ea,
454 1692 516 1748 que
532 1672 612 1729 valde
635 1672 756 1730 breviter
771 1691 787 1729 a
800 1682 838 1744 te,
853 1672 969 1745 Crasse,

143 1781 173 1831 15
188 1770 224 1828 de
244 1771 305 1846 ipsi
327 1781 386 1829 arte
405 1788 542 1847 percursa
561 1781 637 1841 sunt,
657 1788 725 1826 cum
745 1769 794 1826 illa
813 1779 842 1827 te
861 1780 891 1827 et
909 1789 970 1828 non

188 1882 382 1939 contemnere,
409 1877 438 1925 et
468 1866 603 1924 didicisse
635 1866 812 1924 confiterere.
866 1866 912 1925 Ea
943 1868 970 1925 si

187 1965 273 2039 paulo
292 1963 377 2043 latins
400 1964 515 2035 dixeris,
536 1962 659 2038 expleris
684 1980 798 2021 ornnem
825 1973 970 2039 exspecta-

187 2061 293 2118 tionem
316 2060 442 2115 diuturni
470 2060 603 2116 desiderii
630 2059 728 2116 nostri.
781 2059 858 2116 Nam
879 2078 968 2131 nunc,

187 2156 289 2230 quibus
308 2154 478 2211 studendum
500 2155 585 2211 rebus
605 2165 689 2224 esset,
705 2155 877 2231 accepimus,
892 2157 969 2230 quod

140 2256 172 2305 20
189 2252 280 2327 ipsum
300 2260 343 2307 est
363 2260 457 2307 tamen
479 2270 630 2327 magnum;
658 2228 714 2309 sed
730 2252 788 2309 vias
807 2270 906 2309 earum
926 2270 969 2309 re·

188 2366 249 2405 rum
270 2348 465 2421 rationemque
492 2348 623 2422 cupimus
649 2366 833 2424 cognoscere.
886 2348 968 2410 Quid

187 2444 221 2515 si,
244 2444 333 2519 inquit
357 2443 487 2514 Crassus,
510 2443 658 2519 (quoniam
686 2462 750 2520 ego,
773 2463 830 2519 qno
856 2445 970 2502 facilins

187 2559 238 2596 vos
259 2541 331 2616 apud
353 2559 398 2598 me
418 2550 556 2611 tenerem,
578 2551 676 2597 vestre
699 2540 794 2614 potius
814 2542 969 2600 obsecutus

188 2656 250 2693 sum
262 2636 409 2708 voluntati,
421 2656 504 2711 quem
520 2646 568 2695 aut
584 2637 785 2694 consuetudini
799 2648 848 2695 aut
861 2647 968 2695 naturae

141 2734 174 2785 25
189 2736 272 2812 mee)
293 2734 416 2809 petimus
437 2734 472 2791 ab
492 2734 629 2805 Antonio,
645 2744 676 2791 ut
689 2752 733 2805 ea,
746 2752 810 2809 qnae
830 2735 967 2805 continet,

188 2848 281 2903 neque
303 2830 396 2887 adhuc
414 2830 542 2906 protulit,
557 2849 592 2887 ex
610 2831 712 2905 quibus
731 2849 820 2888 unum
840 2829 969 2888 libellum

188 2926 242 2985 sibi
269 2926 408 2985 excidisse
432 2927 600 3003 jamdudum
627 2937 743 3001 questus
768 2936 821 2996 est,
845 2925 969 2999 explicet

188 3022 280 3096 nobis,
300 3032 329 3081 et
352 3021 400 3081 illa
425 3023 542 3082 dicendi
568 3023 702 3099 mysteria
727 3020 876 3080 enuntietl
929 3022 970 3083 Ut
