2109 3417
128 289 185 348 122
444 297 488 344 nr:
511 293 674 344 onanonu.
875 299 958 359 [uu.

172 447 336 520 arriserunt,
357 447 420 505 Res
440 448 510 506 mihi
532 448 643 506 videtur
658 462 735 519 esse,
753 447 854 526 inquit,
869 448 959 506 faoul·

171 553 229 600 tate
243 544 390 619 praeclara,
406 555 464 601 arte
479 545 641 602 mediocris.
682 547 739 603 Ars
759 546 836 604 enirn
858 564 958 603 earum

170 657 266 696 rerum
286 650 329 697 est
348 659 411 716 quae
432 641 562 698 sciuntur
571 661 585 710 ;·
607 642 727 698 oratoris
749 653 843 699 autem
863 642 957 700 omnis

172 735 247 794 aetio
259 736 452 812 opinionibus,
464 755 522 794 non
534 737 666 810 soientii,
677 739 850 795 continetur.
878 737 907 794 N
911 755 957 796 am

141 838 158 886 5
172 842 201 889 et
216 833 290 906 apud
300 851 353 916 xeos
367 833 500 904 dicimus,
516 834 564 908 qui
584 835 728 905 nesciunt,
743 844 771 892 et
785 853 820 891 ea
833 835 957 892 dioirnus

172 947 235 1002 quae
262 929 406 985 nescimus
434 929 503 1004 ipsi:
524 926 634 1004 'itaque
662 941 691 986 et
715 930 755 987 ilii
783 930 852 987 alias
880 930 957 988 aliud

173 1024 274 1081 iisdem
295 1025 330 1082 de
351 1027 435 1082 rebus
456 1036 483 1082 et
504 1026 631 1083 sentiunt
651 1039 680 1083 et
696 1027 837 1102 judicant,
856 1037 885 1083 et
906 1045 957 1085 nos
1048 1093 1049 1106 χ

76 1135 85 1152 ’
174 1121 331 1178 contrarias
354 1141 429 1197 saepe
453 1141 555 1180 causas
578 1122 711 1192 dicimus,
732 1141 791 1179 non
819 1123 903 1179 modo
926 1132 958 1181 ut

174 1217 294 1274 Crassus
320 1229 422 1275 eontra
449 1214 493 1275 nie
522 1219 600 1276 dieat
634 1219 794 1295 aliquando,
823 1229 870 1276 aut
904 1237 959 1296 ego

127 1325 159 1373 10
174 1304 274 1370 eontra
287 1313 432 1386 Crassum,
447 1334 513 1371 oum
528 1315 655 1372 alterutri
669 1335 787 1373 neeesse
802 1316 838 1372 sit
855 1316 957 1373 salsum

173 1409 269 1466 dicere
278 1430 285 1479 ;
306 1411 356 1466 sed
377 1412 462 1467 etiam
477 1422 508 1468 ut
522 1423 642 1486 uterque
662 1413 790 1469 nostrum
805 1412 905 1469 eidem
921 1412 957 1469 de

172 1524 204 1563 re
226 1507 296 1564 alias
319 1507 396 1564 aliud
422 1507 566 1578 defendat,
589 1527 654 1566 euru
681 1509 746 1584 plus
773 1527 831 1565 uno
857 1527 957 1564 verum

172 1621 313 1661 essenon
333 1605 431 1679 possit.
473 1604 511 1662 Ut
532 1605 626 1682 igitur,
643 1605 671 1661 in
693 1603 832 1680 ejusmodi
847 1621 877 1660 re
892 1623 956 1678 quae

173 1701 323 1768 mendacio
343 1703 410 1759 nixa
429 1702 475 1773 sit,
494 1721 555 1776 quae
578 1701 611 1757 ad
633 1695 781 1757 scientiam
802 1719 859 1756 non
879 1719 957 1774 sape

128 1808 158 1858 15
172 1798 327 1872 perveniat,
355 1815 417 1873 quae
450 1797 600 1872 opiniones
634 1795 791 1866 hominum,
820 1805 848 1852 et
880 1815 957 1870 saepe

173 1911 282 1950 errores
303 1904 469 1968 aucupetur,
491 1893 531 1950 ita
551 1891 655 1963 dicam,
670 1892 693 1948 si
714 1911 829 1949 oausam
849 1892 957 1966 putatia

172 2006 244 2059 esse,
259 2007 311 2045 our
326 1988 456 2046 audiatis.

210 2177 295 2236 VIII.
324 2177 386 2236 Nos
413 2198 490 2251 vero,
517 2190 546 2238 et
573 2180 654 2238 valde
682 2179 807 2256 quidem,
835 2180 957 2239 Catulus

172 2273 274 2349 inquit,
300 2286 442 2350 putamus,
471 2287 556 2350 atque
583 2295 616 2334 eo
645 2276 745 2352 magis,
773 2276 849 2351 quod
874 2277 957 2335 nulii

126 2381 158 2431 ΞΟ
172 2370 243 2428 mihi
263 2371 453 2428 ostentatione
469 2372 574 2430 videris
593 2391 656 2430 esse
676 2391 787 2430 usurus.
828 2372 957 2432 Exorsus

172 2485 203 2523 es
216 2467 293 2524 enim
313 2485 371 2523 nou
383 2467 527 2548 gloriosa,
542 2469 642 2545 magis,
657 2479 688 2524 ut
702 2479 732 2524 tu
747 2479 839 2544 putas,
856 2470 957 2527 averi-

171 2572 240 2634 tate,
254 2581 338 2637 quarn
354 2563 483 2620 anesoio
502 2565 558 2639 qui
578 2564 724 2640 dignitate.
762 2565 805 2622 Ut
819 2564 904 2642 igitur
918 2565 955 2623 de
1048 2631 1049 2642 ,

170 2657 233 2734 ipso
259 2678 365 2737 genere
392 2677 455 2716 sum
486 2661 644 2732 consessus,
672 2659 764 2734 inquit
798 2660 954 2734 Antonius,
1048 2707 1049 2714 ,

172 2767 260 2814 artem
287 2776 349 2814 esse
375 2764 443 2814 non'
461 2756 632 2826 maximam3
666 2757 709 2812 sio
736 2756 806 2814 illud
835 2758 955 2829 affirmo,

124 2857 157 2908 25
171 2864 313 2928 praecepta
332 2871 417 2929 posse
437 2851 566 2926 quaedam
589 2852 650 2909 dari
673 2864 809 2927 peracuta
834 2853 868 2910 ad
892 2871 956 2928 per·

171 2950 335 3006 tractandos
355 2951 465 3008 animos
485 2948 641 3018 hominum,
662 2947 748 3006 etad
771 2949 956 3024 excipiendas

171 3065 271 3105 eorum
292 3045 460 3106 voluntates.
501 3043 596 3122 Hujus
616 3044 658 3103 rei
679 3043 829 3104 seientiam
850 3044 956 3126 siquis
