<?xml version="1.0" encoding="UTF-8"?>
<!DOCTYPE html PUBLIC "-//W3C//DTD XHTML 1.0 Transitional//EN"
    "http://www.w3.org/TR/xhtml1/DTD/xhtml1-transitional.dtd">
<html xmlns="http://www.w3.org/1999/xhtml" xml:lang="en" lang="en">
 <head>
  <title>
</title>
<meta http-equiv="Content-Type" content="text/html;charset=utf-8" />
  <meta name='ocr-system' content='tesseract 3.04.00' />
  <meta name='ocr-capabilities' content='ocr_page ocr_carea ocr_par ocr_line ocrx_word'/>
</head>
<body>
  <div class='ocr_page' id='page_1' title='image "./mtciceronisadqu00dillgoog_0309.png"; bbox 0 0 2109 3417; ppageno 0'>
   <div class='ocr_carea' id='block_1_1' title="bbox 128 294 961 367">
    <p class='ocr_par' dir='ltr' id='par_1_1' title="bbox 128 294 961 367">
     <span class='ocr_line' id='line_1_1' title="bbox 128 294 961 367; baseline 0 -12"><span class='ocrx_word' id='word_1_1' title='bbox 128 305 157 355; x_wconf 73' lang='lat' dir='ltr'>a</span> <span class='ocrx_word' id='word_1_2' title='bbox 167 304 210 367; x_wconf 71' lang='lat' dir='ltr'>mr</span> <span class='ocrx_word' id='word_1_3' title='bbox 413 304 457 354; x_wconf 80' lang='lat' dir='ltr'>nu</span> <span class='ocrx_word' id='word_1_4' title='bbox 476 304 641 353; x_wconf 70' lang='lat' dir='ltr'>curmae</span> <span class='ocrx_word' id='word_1_5' title='bbox 921 294 961 355; x_wconf 69' lang='lat' dir='ltr'>tt</span> 
     </span>
    </p>
   </div>
   <div class='ocr_carea' id='block_1_2' title="bbox 45 450 999 3033">
    <p class='ocr_par' dir='ltr' id='par_1_2' title="bbox 83 450 999 2168">
     <span class='ocr_line' id='line_1_2' title="bbox 127 450 916 529; baseline -0.003 -16"><span class='ocrx_word' id='word_1_6' title='bbox 127 464 280 529; x_wconf 65' lang='lat' dir='ltr'>errore-et</span> <span class='ocrx_word' id='word_1_7' title='bbox 292 453 342 513; x_wconf 78' lang='lat' dir='ltr'>tut</span> <span class='ocrx_word' id='word_1_8' title='bbox 355 453 544 513; x_wconf 71' lang='lat' dir='ltr'><strong>admiratione</strong></span> <span class='ocrx_word' id='word_1_9' title='bbox 563 454 713 526; x_wconf 69' lang='lat' dir='ltr'>liberatus,</span> <span class='ocrx_word' id='word_1_10' title='bbox 723 450 800 529; x_wconf 85' lang='lat' dir='ltr'>quod</span> <span class='ocrx_word' id='word_1_11' title='bbox 817 450 916 511; x_wconf 89' lang='lat' dir='ltr'>multis</span> 
     </span>
     <span class='ocr_line' id='line_1_3' title="bbox 129 552 916 628; baseline -0.008 -14"><span class='ocrx_word' id='word_1_12' title='bbox 129 572 198 615; x_wconf 86' lang='lat' dir='ltr'>cum</span> <span class='ocrx_word' id='word_1_13' title='bbox 215 554 282 612; x_wconf 83' lang='lat' dir='ltr'>aliis</span> <span class='ocrx_word' id='word_1_14' title='bbox 300 571 411 628; x_wconf 79' lang='lat' dir='ltr'>semper</span> <span class='ocrx_word' id='word_1_15' title='bbox 432 552 566 613; x_wconf 86' lang='lat' dir='ltr'>admirari</span> <span class='ocrx_word' id='word_1_16' title='bbox 586 552 722 625; x_wconf 82' lang='lat' dir='ltr'>solebam,</span> <span class='ocrx_word' id='word_1_17' title='bbox 742 552 820 611; x_wconf 87' lang='lat' dir='ltr'>unde</span> <span class='ocrx_word' id='word_1_18' title='bbox 839 560 916 609; x_wconf 84' lang='lat' dir='ltr'>esset</span> 
     </span>
     <span class='ocr_line' id='line_1_4' title="bbox 128 646 915 735; baseline 0 -28"><span class='ocrx_word' id='word_1_19' title='bbox 128 649 181 707; x_wconf 89' lang='lat' dir='ltr'>illa</span> <span class='ocrx_word' id='word_1_20' title='bbox 198 658 279 735; x_wconf 77' lang='lat' dir='ltr'>tanta</span> <span class='ocrx_word' id='word_1_21' title='bbox 297 658 348 716; x_wconf 82' lang='lat' dir='ltr'>tua</span> <span class='ocrx_word' id='word_1_22' title='bbox 364 647 398 707; x_wconf 93' lang='lat' dir='ltr'>-in</span> <span class='ocrx_word' id='word_1_23' title='bbox 418 648 513 721; x_wconf 64' lang='lat' dir='ltr'>ceusu</span> <span class='ocrx_word' id='word_1_24' title='bbox 533 648 683 707; x_wconf 85' lang='lat' dir='ltr'>divinitas:</span> <span class='ocrx_word' id='word_1_25' title='bbox 709 666 766 707; x_wconf 89' lang='lat' dir='ltr'>nec</span> <span class='ocrx_word' id='word_1_26' title='bbox 788 646 866 706; x_wconf 88' lang='lat' dir='ltr'>enim</span> <span class='ocrx_word' id='word_1_27' title='bbox 885 656 915 707; x_wconf 87' lang='lat' dir='ltr'>te</span> 
     </span>
     <span class='ocr_line' id='line_1_5' title="bbox 129 744 916 823; baseline 0 -20"><span class='ocrx_word' id='word_1_28' title='bbox 129 746 185 803; x_wconf 86' lang='lat' dir='ltr'>ists</span> <span class='ocrx_word' id='word_1_29' title='bbox 205 746 333 823; x_wconf 81' lang='lat' dir='ltr'>attigisse</span> <span class='ocrx_word' id='word_1_30' title='bbox 351 745 519 816; x_wconf 83' lang='lat' dir='ltr'>arbitrabar,</span> <span class='ocrx_word' id='word_1_31' title='bbox 533 764 595 820; x_wconf 75' lang='lat' dir='ltr'>que</span> <span class='ocrx_word' id='word_1_32' title='bbox 616 744 833 822; x_wconf 76' lang='lat' dir='ltr'>diligentissime</span> <span class='ocrx_word' id='word_1_33' title='bbox 850 762 916 821; x_wconf 74' lang='lat' dir='ltr'>cog·</span> 
     </span>
     <span class='ocr_line' id='line_1_6' title="bbox 128 840 945 918; baseline -0.006 -18"><span class='ocrx_word' id='word_1_34' title='bbox 128 840 224 913; x_wconf 67' lang='lat' dir='ltr'>nosse,</span> <span class='ocrx_word' id='word_1_35' title='bbox 251 851 281 899; x_wconf 85' lang='lat' dir='ltr'>et</span> <span class='ocrx_word' id='word_1_36' title='bbox 306 841 433 916; x_wconf 86' lang='lat' dir='ltr'>undique</span> <span class='ocrx_word' id='word_1_37' title='bbox 465 841 627 918; x_wconf 75' lang='lat' dir='ltr'>collegisse,</span> <span class='ocrx_word' id='word_1_38' title='bbox 654 856 764 917; x_wconf 81' lang='lat' dir='ltr'>usuque</span> <span class='ocrx_word' id='word_1_39' title='bbox 796 840 945 899; x_wconf 70' lang='lat' dir='ltr'>docturus</span> 
     </span>
     <span class='ocr_line' id='line_1_7' title="bbox 127 935 913 1013; baseline 0 -18"><span class='ocrx_word' id='word_1_40' title='bbox 127 937 233 1013; x_wconf 89' lang='lat' dir='ltr'>partim</span> <span class='ocrx_word' id='word_1_41' title='bbox 258 936 426 1009; x_wconf 75' lang='lat' dir='ltr'>correxisse,</span> <span class='ocrx_word' id='word_1_42' title='bbox 453 936 547 1009; x_wconf 83' lang='lat' dir='ltr'>video,</span> <span class='ocrx_word' id='word_1_43' title='bbox 573 935 677 1013; x_wconf 85' lang='lat' dir='ltr'>purtim</span> <span class='ocrx_word' id='word_1_44' title='bbox 703 936 913 1012; x_wconf 77' lang='lat' dir='ltr'>comprobdsse.</span> 
     </span>
     <span class='ocr_line' id='line_1_8' title="bbox 128 1030 915 1109; baseline 0 -18"><span class='ocrx_word' id='word_1_45' title='bbox 128 1032 234 1109; x_wconf 81' lang='lat' dir='ltr'>Neque</span> <span class='ocrx_word' id='word_1_46' title='bbox 258 1050 296 1091; x_wconf 88' lang='lat' dir='ltr'>eo</span> <span class='ocrx_word' id='word_1_47' title='bbox 320 1032 417 1104; x_wconf 83' lang='lat' dir='ltr'>minus</span> <span class='ocrx_word' id='word_1_48' title='bbox 442 1032 633 1108; x_wconf 56' lang='lat' dir='ltr'>amnestiam</span> <span class='ocrx_word' id='word_1_49' title='bbox 660 1042 749 1106; x_wconf 88' lang='lat' dir='ltr'>tuam,</span> <span class='ocrx_word' id='word_1_50' title='bbox 773 1040 803 1093; x_wconf 86' lang='lat' dir='ltr'>et</span> <span class='ocrx_word' id='word_1_51' title='bbox 822 1030 915 1091; x_wconf 87' lang='lat' dir='ltr'>multu</span> 
     </span>
     <span class='ocr_line' id='line_1_9' title="bbox 128 1128 913 1206; baseline -0.003 -17"><span class='ocrx_word' id='word_1_52' title='bbox 128 1130 221 1206; x_wconf 80' lang='lat' dir='ltr'>magis</span> <span class='ocrx_word' id='word_1_53' title='bbox 234 1129 367 1199; x_wconf 78' lang='lat' dir='ltr'>virtutem</span> <span class='ocrx_word' id='word_1_54' title='bbox 388 1138 418 1187; x_wconf 89' lang='lat' dir='ltr'>st</span> <span class='ocrx_word' id='word_1_55' title='bbox 433 1129 623 1206; x_wconf 80' lang='lat' dir='ltr'>diligentiam,</span> <span class='ocrx_word' id='word_1_56' title='bbox 638 1128 770 1201; x_wconf 87' lang='lat' dir='ltr'>admiror,</span> <span class='ocrx_word' id='word_1_57' title='bbox 783 1139 813 1188; x_wconf 88' lang='lat' dir='ltr'>et</span> <span class='ocrx_word' id='word_1_58' title='bbox 828 1128 913 1187; x_wconf 86' lang='lat' dir='ltr'>simul</span> 
     </span>
     <span class='ocr_line' id='line_1_10' title="bbox 126 1224 914 1303; baseline -0.003 -18"><span class='ocrx_word' id='word_1_59' title='bbox 126 1226 252 1303; x_wconf 79' lang='lat' dir='ltr'>gaudeo,</span> <span class='ocrx_word' id='word_1_60' title='bbox 268 1225 412 1302; x_wconf 86' lang='lat' dir='ltr'>judicium</span> <span class='ocrx_word' id='word_1_61' title='bbox 430 1225 521 1283; x_wconf 81' lang='lat' dir='ltr'>enimi</span> <span class='ocrx_word' id='word_1_62' title='bbox 541 1224 598 1283; x_wconf 87' lang='lat' dir='ltr'>mei</span> <span class='ocrx_word' id='word_1_63' title='bbox 624 1224 816 1301; x_wconf 87' lang='lat' dir='ltr'>comprobari,</span> <span class='ocrx_word' id='word_1_64' title='bbox 837 1224 914 1300; x_wconf 89' lang='lat' dir='ltr'>quod</span> 
     </span>
     <span class='ocr_line' id='line_1_11' title="bbox 127 1320 960 1398; baseline 0 -19"><span class='ocrx_word' id='word_1_65' title='bbox 127 1340 240 1398; x_wconf 81' lang='lat' dir='ltr'>semper</span> <span class='ocrx_word' id='word_1_66' title='bbox 266 1320 363 1391; x_wconf 91' lang='lat' dir='ltr'>statui,</span> <span class='ocrx_word' id='word_1_67' title='bbox 389 1320 535 1377; x_wconf 90' lang='lat' dir='ltr'>neminem</span> <span class='ocrx_word' id='word_1_68' title='bbox 568 1320 714 1396; x_wconf 80' lang='lat' dir='ltr'>sapientias</span> <span class='ocrx_word' id='word_1_69' title='bbox 744 1320 858 1379; x_wconf 86' lang='lat' dir='ltr'>leudem</span> <span class='ocrx_word' id='word_1_70' title='bbox 884 1330 914 1379; x_wconf 89' lang='lat' dir='ltr'>et</span> <span class='ocrx_word' id='word_1_71' title='bbox 929 1327 960 1379; x_wconf 78' lang='lat'>1⁰</span> 
     </span>
     <span class='ocr_line' id='line_1_12' title="bbox 128 1415 913 1491; baseline -0.001 -17"><span class='ocrx_word' id='word_1_72' title='bbox 128 1416 309 1491; x_wconf 77' lang='lat' dir='ltr'>eloquentie,</span> <span class='ocrx_word' id='word_1_73' title='bbox 337 1415 400 1472; x_wconf 88' lang='lat' dir='ltr'>sine</span> <span class='ocrx_word' id='word_1_74' title='bbox 433 1432 545 1473; x_wconf 88' lang='lat' dir='ltr'>summo</span> <span class='ocrx_word' id='word_1_75' title='bbox 578 1416 673 1474; x_wconf 87' lang='lat' dir='ltr'>studio</span> <span class='ocrx_word' id='word_1_76' title='bbox 706 1425 735 1473; x_wconf 89' lang='lat' dir='ltr'>et</span> <span class='ocrx_word' id='word_1_77' title='bbox 760 1416 858 1474; x_wconf 88' lang='lat' dir='ltr'>labore</span> <span class='ocrx_word' id='word_1_78' title='bbox 884 1426 913 1474; x_wconf 85' lang='lat' dir='ltr'>et</span> 
     </span>
     <span class='ocr_line' id='line_1_13' title="bbox 83 1496 914 1586; baseline 0 -17"><span class='ocrx_word' id='word_1_79' title='bbox 83 1496 87 1500; x_wconf 71' lang='lat'>,</span> <span class='ocrx_word' id='word_1_80' title='bbox 127 1511 271 1579; x_wconf 66' lang='lat' dir='ltr'>ductuum,</span> <span class='ocrx_word' id='word_1_81' title='bbox 284 1510 425 1585; x_wconf 75' lang='lat' dir='ltr'>consequi</span> <span class='ocrx_word' id='word_1_82' title='bbox 443 1528 536 1586; x_wconf 85' lang='lat' dir='ltr'>posse.</span> <span class='ocrx_word' id='word_1_83' title='bbox 584 1509 642 1567; x_wconf 82' lang='lat' dir='ltr'>Sed</span> <span class='ocrx_word' id='word_1_84' title='bbox 659 1519 758 1571; x_wconf 82' lang='lat' dir='ltr'>¹tamen</span> <span class='ocrx_word' id='word_1_85' title='bbox 778 1509 914 1584; x_wconf 83' lang='lat' dir='ltr'>quidnam</span> 
     </span>
     <span class='ocr_line' id='line_1_14' title="bbox 128 1598 999 1682; baseline -0.002 -17"><span class='ocrx_word' id='word_1_86' title='bbox 128 1616 173 1665; x_wconf 87' lang='lat' dir='ltr'>est</span> <span class='ocrx_word' id='word_1_87' title='bbox 190 1603 232 1679; x_wconf 89' lang='lat' dir='ltr'>id,</span> <span class='ocrx_word' id='word_1_88' title='bbox 246 1607 323 1682; x_wconf 91' lang='lat' dir='ltr'>quod</span> <span class='ocrx_word' id='word_1_89' title='bbox 343 1605 451 1678; x_wconf 82' lang='lat' dir='ltr'>dixisti,</span> <span class='ocrx_word' id='word_1_90' title='bbox 472 1606 544 1679; x_wconf 84' lang='lat' dir='ltr'>sore,</span> <span class='ocrx_word' id='word_1_91' title='bbox 564 1614 597 1665; x_wconf 88' lang='lat' dir='ltr'>ut</span> <span class='ocrx_word' id='word_1_92' title='bbox 615 1604 668 1663; x_wconf 88' lang='lat' dir='ltr'>tihi</span> <span class='ocrx_word' id='word_1_93' title='bbox 687 1604 914 1682; x_wconf 85' lang='lat' dir='ltr'>ignosceremus,</span> <span class='ocrx_word' id='word_1_94' title='bbox 992 1598 999 1613; x_wconf 79' lang='grc'><strong>’</strong></span> 
     </span>
     <span class='ocr_line' id='line_1_15' title="bbox 128 1700 915 1780; baseline -0.004 -18"><span class='ocrx_word' id='word_1_95' title='bbox 128 1702 387 1780; x_wconf 76' lang='lat' dir='ltr'>sieogndssemus,</span> <span class='ocrx_word' id='word_1_96' title='bbox 401 1722 465 1778; x_wconf 74' lang='lat' dir='ltr'>que</span> <span class='ocrx_word' id='word_1_97' title='bbox 482 1712 512 1760; x_wconf 88' lang='lat' dir='ltr'>te</span> <span class='ocrx_word' id='word_1_98' title='bbox 533 1720 621 1761; x_wconf 84' lang='lat' dir='ltr'>eausa</span> <span class='ocrx_word' id='word_1_99' title='bbox 638 1700 668 1759; x_wconf 90' lang='lat' dir='ltr'>in</span> <span class='ocrx_word' id='word_1_100' title='bbox 683 1718 846 1759; x_wconf 86' lang='lat' dir='ltr'>sermonem</span> <span class='ocrx_word' id='word_1_101' title='bbox 863 1700 915 1759; x_wconf 88' lang='lat' dir='ltr'>im·</span> 
     </span>
     <span class='ocr_line' id='line_1_16' title="bbox 127 1796 961 1876; baseline 0.002 -19"><span class='ocrx_word' id='word_1_102' title='bbox 127 1800 266 1876; x_wconf 85' lang='lat' dir='ltr'>pulissetl</span> <span class='ocrx_word' id='word_1_103' title='bbox 327 1798 404 1861; x_wconf 77' lang='lat' dir='ltr'>Qum</span> <span class='ocrx_word' id='word_1_104' title='bbox 435 1808 484 1857; x_wconf 85' lang='lat' dir='ltr'>est</span> <span class='ocrx_word' id='word_1_105' title='bbox 520 1798 598 1857; x_wconf 85' lang='lat' dir='ltr'>enim</span> <span class='ocrx_word' id='word_1_106' title='bbox 636 1798 691 1857; x_wconf 87' lang='lat' dir='ltr'>alia</span> <span class='ocrx_word' id='word_1_107' title='bbox 708 1815 823 1870; x_wconf 79' lang='lat' dir='ltr'>causa,</span> <span class='ocrx_word' id='word_1_108' title='bbox 856 1796 961 1859; x_wconf 85' lang='lat' dir='ltr'>nisi15</span> 
     </span>
     <span class='ocr_line' id='line_1_17' title="bbox 127 1893 912 1978; baseline -0.004 -25"><span class='ocrx_word' id='word_1_109' title='bbox 127 1895 205 1978; x_wconf 85' lang='lat' dir='ltr'>quod</span> <span class='ocrx_word' id='word_1_110' title='bbox 230 1893 324 1967; x_wconf 85' lang='lat' dir='ltr'>nobis,</span> <span class='ocrx_word' id='word_1_111' title='bbox 352 1904 382 1953; x_wconf 86' lang='lat' dir='ltr'>et</span> <span class='ocrx_word' id='word_1_112' title='bbox 416 1895 518 1954; x_wconf 88' lang='lat' dir='ltr'>horum</span> <span class='ocrx_word' id='word_1_113' title='bbox 556 1893 779 1953; x_wconf 87' lang='lat' dir='ltr'>adolescentium</span> <span class='ocrx_word' id='word_1_114' title='bbox 806 1893 912 1966; x_wconf 86' lang='lat' dir='ltr'>studio,</span> 
     </span>
     <span class='ocr_line' id='line_1_18' title="bbox 128 1991 913 2069; baseline -0.003 -20"><span class='ocrx_word' id='word_1_115' title='bbox 128 1991 234 2067; x_wconf 80' lang='lat' dir='ltr'>quite</span> <span class='ocrx_word' id='word_1_116' title='bbox 261 1991 449 2050; x_wconf 80' lang='lat' dir='ltr'>attentissime</span> <span class='ocrx_word' id='word_1_117' title='bbox 481 1991 643 2064; x_wconf 86' lang='lat' dir='ltr'>audierunt,</span> <span class='ocrx_word' id='word_1_118' title='bbox 659 2008 784 2051; x_wconf 79' lang='lat' dir='ltr'>morem</span> <span class='ocrx_word' id='word_1_119' title='bbox 812 2008 913 2069; x_wconf 85' lang='lat' dir='ltr'>gerere</span> 
     </span>
     <span class='ocr_line' id='line_1_19' title="bbox 127 2087 767 2168; baseline 0 -23"><span class='ocrx_word' id='word_1_120' title='bbox 127 2087 265 2146; x_wconf 72' lang='lat' dir='ltr'>voluisti?</span> <span class='ocrx_word' id='word_1_121' title='bbox 761 2155 767 2168; x_wconf 85' lang='lat'><strong>.</strong></span> 
     </span>
    </p>

    <p class='ocr_par' dir='ltr' id='par_1_3' title="bbox 128 2181 963 2953">
     <span class='ocr_line' id='line_1_20' title="bbox 167 2181 913 2259; baseline -0.001 -18"><span class='ocrx_word' id='word_1_122' title='bbox 167 2183 248 2241; x_wconf 80' lang='lat' dir='ltr'>&#39;l&#39;um</span> <span class='ocrx_word' id='word_1_123' title='bbox 267 2184 326 2256; x_wconf 92' lang='lat' dir='ltr'>ille,</span> <span class='ocrx_word' id='word_1_124' title='bbox 340 2183 489 2257; x_wconf 77' lang='lat' dir='ltr'>Adimere,</span> <span class='ocrx_word' id='word_1_125' title='bbox 509 2182 610 2259; x_wconf 89' lang='lat' dir='ltr'>inquit,</span> <span class='ocrx_word' id='word_1_126' title='bbox 625 2200 739 2241; x_wconf 88' lang='lat' dir='ltr'>omnem</span> <span class='ocrx_word' id='word_1_127' title='bbox 758 2181 913 2243; x_wconf 74' lang='lat' dir='ltr'>recusatio·</span> 
     </span>
     <span class='ocr_line' id='line_1_21' title="bbox 128 2277 962 2357; baseline 0 -20"><span class='ocrx_word' id='word_1_128' title='bbox 128 2297 196 2337; x_wconf 86' lang='lat' dir='ltr'>nem</span> <span class='ocrx_word' id='word_1_129' title='bbox 216 2280 322 2339; x_wconf 83' lang='lat' dir='ltr'>Orusso</span> <span class='ocrx_word' id='word_1_130' title='bbox 342 2280 429 2353; x_wconf 83' lang='lat' dir='ltr'>volui,</span> <span class='ocrx_word' id='word_1_131' title='bbox 443 2299 529 2356; x_wconf 91' lang='lat' dir='ltr'>quem</span> <span class='ocrx_word' id='word_1_132' title='bbox 550 2298 605 2357; x_wconf 83' lang='lat' dir='ltr'>ego</span> <span class='ocrx_word' id='word_1_133' title='bbox 618 2279 703 2355; x_wconf 89' lang='lat' dir='ltr'>paulo</span> <span class='ocrx_word' id='word_1_134' title='bbox 722 2278 849 2338; x_wconf 86' lang='lat' dir='ltr'>sciebam</span> <span class='ocrx_word' id='word_1_135' title='bbox 868 2277 912 2337; x_wconf 83' lang='lat' dir='ltr'>vel</span> <span class='ocrx_word' id='word_1_136' title='bbox 929 2285 962 2337; x_wconf 81' lang='lat'>2⁰</span> 
     </span>
     <span class='ocr_line' id='line_1_22' title="bbox 128 2374 913 2454; baseline 0 -21"><span class='ocrx_word' id='word_1_137' title='bbox 128 2375 282 2452; x_wconf 85' lang='lat' dir='ltr'>pudentius</span> <span class='ocrx_word' id='word_1_138' title='bbox 294 2376 340 2433; x_wconf 86' lang='lat' dir='ltr'>rel</span> <span class='ocrx_word' id='word_1_139' title='bbox 359 2376 476 2435; x_wconf 80' lang='lat' dir='ltr'>inritius</span> <span class='ocrx_word' id='word_1_140' title='bbox 495 2375 578 2454; x_wconf 90' lang='lat' dir='ltr'>(nolo</span> <span class='ocrx_word' id='word_1_141' title='bbox 597 2374 840 2433; x_wconf 22' lang='lat' dir='ltr'>animodieersde</span> <span class='ocrx_word' id='word_1_142' title='bbox 854 2386 913 2433; x_wconf 89' lang='lat' dir='ltr'>tam</span> 
     </span>
     <span class='ocr_line' id='line_1_23' title="bbox 129 2470 914 2552; baseline 0.003 -23"><span class='ocrx_word' id='word_1_143' title='bbox 129 2470 210 2529; x_wconf 82' lang='lat' dir='ltr'>suavi</span> <span class='ocrx_word' id='word_1_144' title='bbox 225 2471 345 2530; x_wconf 79' lang='lat' dir='ltr'>humine</span> <span class='ocrx_word' id='word_1_145' title='bbox 364 2471 553 2552; x_wconf 70' lang='lat' dir='ltr'>fastidiosius)</span> <span class='ocrx_word' id='word_1_146' title='bbox 576 2470 611 2529; x_wconf 84' lang='lat' dir='ltr'>ad</span> <span class='ocrx_word' id='word_1_147' title='bbox 631 2471 688 2529; x_wconf 85' lang='lat' dir='ltr'>hoe</span> <span class='ocrx_word' id='word_1_148' title='bbox 705 2489 797 2548; x_wconf 85' lang='lat' dir='ltr'>genus</span> <span class='ocrx_word' id='word_1_149' title='bbox 810 2490 914 2531; x_wconf 86' lang='lat' dir='ltr'>sermo-</span> 
     </span>
     <span class='ocr_line' id='line_1_24' title="bbox 128 2566 914 2644; baseline 0 -17"><span class='ocrx_word' id='word_1_150' title='bbox 128 2566 176 2627; x_wconf 80' lang='lat' dir='ltr'>nis</span> <span class='ocrx_word' id='word_1_151' title='bbox 196 2567 343 2625; x_wconf 79' lang='lat' dir='ltr'>accedere.</span> <span class='ocrx_word' id='word_1_152' title='bbox 383 2568 466 2630; x_wconf 75' lang='lat' dir='ltr'>Quid</span> <span class='ocrx_word' id='word_1_153' title='bbox 484 2568 563 2627; x_wconf 84' lang='lat' dir='ltr'>enim</span> <span class='ocrx_word' id='word_1_154' title='bbox 583 2566 688 2644; x_wconf 87' lang='lat' dir='ltr'>poterit</span> <span class='ocrx_word' id='word_1_155' title='bbox 707 2566 824 2627; x_wconf 77' lang='lat' dir='ltr'>diceret</span> <span class='ocrx_word' id='word_1_156' title='bbox 846 2586 914 2627; x_wconf 88' lang='lat' dir='ltr'>oon·</span> 
     </span>
     <span class='ocr_line' id='line_1_25' title="bbox 128 2662 914 2723; baseline 0 0"><span class='ocrx_word' id='word_1_157' title='bbox 128 2663 254 2723; x_wconf 85' lang='lat' dir='ltr'>sularem</span> <span class='ocrx_word' id='word_1_158' title='bbox 266 2682 298 2721; x_wconf 90' lang='lat' dir='ltr'>se</span> <span class='ocrx_word' id='word_1_159' title='bbox 311 2682 376 2723; x_wconf 88' lang='lat' dir='ltr'>esse</span> <span class='ocrx_word' id='word_1_160' title='bbox 393 2664 541 2722; x_wconf 87' lang='lat' dir='ltr'>homiuem</span> <span class='ocrx_word' id='word_1_161' title='bbox 560 2673 590 2722; x_wconf 88' lang='lat' dir='ltr'>et</span> <span class='ocrx_word' id='word_1_162' title='bbox 610 2662 793 2723; x_wconf 82' lang='lat' dir='ltr'>censoriuml</span> <span class='ocrx_word' id='word_1_163' title='bbox 813 2664 914 2723; x_wconf 78' lang='lat' dir='ltr'>eadem</span> 
     </span>
     <span class='ocr_line' id='line_1_26' title="bbox 128 2759 963 2836; baseline -0.005 -13"><span class='ocrx_word' id='word_1_164' title='bbox 128 2770 229 2823; x_wconf 80' lang='lat' dir='ltr'>nostra</span> <span class='ocrx_word' id='word_1_165' title='bbox 247 2779 336 2820; x_wconf 88' lang='lat' dir='ltr'>causa</span> <span class='ocrx_word' id='word_1_166' title='bbox 354 2770 407 2819; x_wconf 78' lang='lat' dir='ltr'>est</span> <span class='ocrx_word' id='word_1_167' title='bbox 454 2760 503 2819; x_wconf 79' lang='lat' dir='ltr'>An</span> <span class='ocrx_word' id='word_1_168' title='bbox 523 2770 635 2819; x_wconf 78' lang='lat' dir='ltr'>aetatem</span> <span class='ocrx_word' id='word_1_169' title='bbox 658 2760 775 2819; x_wconf 80' lang='lat' dir='ltr'>afforetl</span> <span class='ocrx_word' id='word_1_170' title='bbox 804 2759 915 2836; x_wconf 88' lang='lat' dir='ltr'>quadri·</span> <span class='ocrx_word' id='word_1_171' title='bbox 928 2764 963 2819; x_wconf 75' lang='lat'>25</span> 
     </span>
     <span class='ocr_line' id='line_1_27' title="bbox 128 2856 913 2953; baseline -0.004 -36"><span class='ocrx_word' id='word_1_172' title='bbox 128 2858 217 2917; x_wconf 85' lang='lat' dir='ltr'>eunio</span> <span class='ocrx_word' id='word_1_173' title='bbox 230 2857 323 2917; x_wconf 84' lang='lat' dir='ltr'>minor</span> <span class='ocrx_word' id='word_1_174' title='bbox 335 2867 387 2917; x_wconf 75' lang='lat' dir='ltr'>est</span> <span class='ocrx_word' id='word_1_175' title='bbox 425 2857 477 2915; x_wconf 70' lang='lat' dir='ltr'>alu</span> <span class='ocrx_word' id='word_1_176' title='bbox 490 2875 522 2915; x_wconf 89' lang='lat' dir='ltr'>se</span> <span class='ocrx_word' id='word_1_177' title='bbox 535 2856 668 2915; x_wconf 76' lang='lat' dir='ltr'>nesciret</span> <span class='ocrx_word' id='word_1_178' title='bbox 682 2875 752 2953; x_wconf 55' lang='lat' dir='ltr'>que</span> <span class='ocrx_word' id='word_1_179' title='bbox 768 2873 913 2934; x_wconf 72' lang='lat' dir='ltr'>ago-seru,</span> 
     </span>
    </p>

    <p class='ocr_par' dir='ltr' id='par_1_4' title="bbox 45 2951 914 3033">
     <span class='ocr_line' id='line_1_28' title="bbox 45 2951 914 3033; baseline -0.006 -17"><span class='ocrx_word' id='word_1_180' title='bbox 45 2985 48 2990; x_wconf 93' lang='lat'>·</span> <span class='ocrx_word' id='word_1_181' title='bbox 127 2972 194 3032; x_wconf 72' lang='lat' dir='ltr'>que</span> <span class='ocrx_word' id='word_1_182' title='bbox 225 2954 345 3031; x_wconf 68' lang='lat' dir='ltr'>elusim,</span> <span class='ocrx_word' id='word_1_183' title='bbox 370 2952 495 3033; x_wconf 78' lang='lat' dir='ltr'>arripui,</span> <span class='ocrx_word' id='word_1_184' title='bbox 526 2972 593 3032; x_wconf 78' lang='lat' dir='ltr'>que</span> <span class='ocrx_word' id='word_1_185' title='bbox 625 2952 788 3013; x_wconf 85' lang='lat' dir='ltr'>subsecivis</span> <span class='ocrx_word' id='word_1_186' title='bbox 813 2951 914 3031; x_wconf 73' lang='lat' dir='ltr'>operis</span> 
     </span>
    </p>
   </div>
   <div class='ocr_carea' id='block_1_3' title="bbox 0 0 1060 3417">
    <p class='ocr_par' dir='ltr' id='par_1_5' title="bbox 0 0 1060 3417">
     <span class='ocr_line' id='line_1_29' title="bbox 0 0 1060 3417; baseline 0 0"><span class='ocrx_word' id='word_1_187' title='bbox 0 0 1060 3417; x_wconf 95' lang='lat' dir='ltr'> </span> 
     </span>
    </p>
   </div>
  </div>
 </body>
</html>
