2109 3417
104 336 197 397 mun]
386 336 430 383 nn
450 332 614 383 erumna.
898 312 941 380 od

105 484 193 561 hujus
218 485 347 542 oratione
373 484 489 543 Getulil
522 502 586 559 que
614 492 657 541 est
682 498 754 559 pura
779 480 833 555 sie,
860 486 893 538 ul
953 552 955 559 χ

105 579 211 638 Latine
236 578 314 655 loqui
338 598 421 657 paene
449 579 527 637 solus
553 578 692 650 rideatur,
719 577 763 637 sie
796 586 892 636 autem

105 676 210 753 gravis,
233 686 266 734 ut
291 675 321 733 in
347 676 485 753 singulari
511 675 652 753 dignitate
678 674 773 733 onmis
795 684 891 733 tamen

107 772 182 830 adsit
202 772 362 830 humanitas
382 792 416 831 ao
435 772 524 849 lepos.
564 772 647 834 Quid
670 772 778 829 multal
805 771 891 829 istum

107 868 228 926 audieus
240 869 373 943 equidem
387 869 431 926 sio
441 868 573 945 judicare
586 868 676 939 soleo,
690 866 827 943 quidquid
843 876 891 924 aut
906 872 923 921 5

106 961 260 1036 addideris,
276 974 324 1023 aut
337 964 500 1037 mutaveris,
515 975 565 1022 aut
585 964 750 1036 detraxeris,
764 964 892 1021 vitiosius

104 1070 136 1117 et
156 1060 281 1118 deterius
301 1061 435 1119 futurum.
484 1060 568 1122 Quid
587 1071 684 1118 noster
705 1060 753 1117 hio
774 1060 891 1118 Cesarl

104 1171 203 1213 nonne
225 1175 327 1214 norum
350 1157 492 1233 quandem
516 1156 656 1215 rationem
681 1156 774 1214 arrnlit
788 1155 892 1213 oratio·

105 1251 162 1321 nis,
182 1262 212 1310 et
231 1252 347 1309 dioendi
366 1271 458 1329 genus
478 1252 591 1311 induxit
613 1270 701 1329 prope
728 1251 891 1329 singularel

105 1347 184 1409 Quis
202 1366 328 1423 unquam
349 1366 404 1420 res,
423 1358 526 1424 preter
554 1348 640 1420 huno,
662 1348 786 1425 tragicas
811 1364 891 1424 pene
907 1356 938 1405 10

106 1446 229 1516 oomioe,
249 1444 344 1503 tristes
363 1444 491 1515 remisse,
512 1462 625 1501 severas
646 1443 744 1514 hilare,
766 1443 892 1502 forenses

106 1540 224 1597 soeuied
243 1558 332 1617 prope
349 1549 507 1610 venustate,
520 1540 669 1609 tractarit;
692 1549 776 1614 atque
797 1539 846 1611 ita,
860 1549 892 1597 ut

106 1654 200 1710 neque
224 1637 308 1714 joous
333 1635 531 1713 magnitudine
558 1618 652 1693 reruin
682 1634 890 1707 excluderetur,

107 1752 163 1791 nee
189 1734 311 1811 gravitas
337 1734 449 1792 saeetiis
475 1733 671 1791 minueretur?
714 1732 797 1791 Eeoe
823 1750 892 1808 prte-

106 1839 204 1887 seutes
227 1830 285 1887 duo
307 1848 396 1906 prope
419 1830 551 1905 equales,
576 1829 721 1905 Sulpicius
744 1838 773 1885 et
796 1828 889 1887 Corte.
907 1834 940 1886 15

106 1925 188 1987 Quid
210 1935 268 1984 tum
293 1925 366 1983 inter
389 1944 420 1983 se
441 1925 600 1983 dissimilel
632 1925 699 2000 quid
723 1934 780 1983 tam
796 1924 825 1982 in
839 1944 891 1985 suo
935 1974 942 1989 ,,

106 2038 213 2101 genere
230 2024 387 2099 prestans?
411 2022 526 2080 limatus
548 2022 618 2079 alter
639 2032 674 2079 et·
687 2020 809 2093 subtilis,
829 2032 890 2079 rem

106 2119 253 2196 explicans
283 2119 406 2195 propriis
440 2118 568 2195 aptisque
601 2118 711 2176 verbis:
744 2117 832 2177 heret
860 2118 890 2176 in

106 2216 194 2273 ouusd
220 2234 342 2291 semper,
365 2224 404 2286 et,
428 2214 497 2290 quid
520 2213 612 2291 judioi
638 2214 816 2289 probandum
843 2214 890 2287 sit,

106 2329 173 2367 oum
189 2310 351 2368 acutissime
364 2311 444 2382 vidit,
458 2310 570 2368 omissis
583 2308 687 2367 oeteiis
705 2310 889 2387 argumentis,
906 2315 938 2365 2⁰

106 2404 138 2462 in
157 2422 193 2463 eo
211 2416 336 2464 mentem
356 2406 570 2482 orationemque
589 2401 701 2483 defigit:
745 2407 891 2483 Sulpicius

107 2509 214 2572 autem,
228 2500 380 2558 fortissimo
393 2502 515 2577 quodem
529 2501 616 2561 animi
630 2501 747 2577 impetu,
761 2502 891 2578 plenissi-

106 2596 155 2657 mi
168 2605 199 2653 et
217 2596 340 2654 maximi
359 2614 439 2667 roee,
454 2596 565 2654 summd
585 2598 770 2655 eontentione
789 2617 890 2677 eorpo-

107 2692 156 2764 ris,
183 2701 212 2750 et
237 2691 376 2768 dignitate
402 2691 506 2764 motis,
533 2693 683 2751 verborum
715 2713 827 2771 quoque
853 2696 890 2754 ed

106 2787 245 2868 gravitate
271 2796 301 2845 et
326 2787 410 2863 oopid
436 2798 489 2859 eet,
513 2798 546 2845 ut
571 2807 646 2847 unus
673 2790 708 2848 ad
734 2790 889 2851 dicendum
905 2802 939 2850 2⁵

107 2883 344 2944 instructissimus
358 2903 375 2943 a
387 2883 490 2942 naturd
503 2903 567 2944 esse
580 2885 716 2945 videatur.

145 3076 199 3137 1x.
229 3076 278 3138 Ad
297 3056 487 3156 nosmetipsos
506 3077 566 3157 jem
586 3090 728 3154 revertor3
755 3080 888 3159 quoniam
