2109 3417
15 264 21 283 ¹
120 265 199 327 nm}
397 266 441 313 na
462 262 626 314 onerose.
908 255 949 315 28

119 415 186 473 nihii
208 414 335 486 haberet,
348 413 422 472 nihil
442 433 505 472 esse
525 413 553 471 ei
573 413 705 471 relictum
724 416 900 489 putaretur.''

119 512 194 569 Turn
220 530 256 567 ex
281 511 356 568 libro
382 511 476 581 tertio,
503 510 535 567 iu
561 529 617 585 quo
644 510 729 567 finem
756 510 902 569 scribendi

120 607 184 663 seuit
199 608 255 684 (tot
268 607 355 677 enim,
370 617 402 665 ut
416 606 512 664 audivi
533 606 690 665 Seaevola'm
711 606 818 677 dicere,
835 616 902 667 sunt

118 704 174 760 veri
188 704 269 761 Bruti
282 704 362 783 libri)
379 710 397 736 “
407 703 443 762 In
456 702 574 761 Tiburti
589 703 661 761 forte
676 703 832 761 assedimus
846 722 901 780 ego

117 811 145 859 et
163 799 281 857 Marcus
308 801 412 859 filius.''
455 800 540 857 “Ubi
561 799 668 857 nuntii
689 800 780 870 fundi,
801 800 931 871 Brute,5

117 916 186 973 quos
201 897 253 955 tibi
273 908 353 972 pater
373 896 498 975 publicis
518 897 731 957 commentariis
751 896 900 974 consigna-

116 1003 160 1051 tos
179 993 311 1069 reliquiti
356 994 457 1065 Quod,
477 994 534 1051 nisi
553 995 690 1070 puberem
711 995 767 1065 te,'’
795 992 899 1067 inquit,

116 1097 135 1123 “
142 1090 201 1166 jam
220 1090 348 1161 haberet,
362 1101 495 1165 quartum
513 1091 618 1151 librum
638 1090 856 1167 composuisset,
871 1101 900 1148 et

115 1206 146 1244 se
165 1188 251 1245 etiam
272 1188 302 1245 in
322 1188 432 1246 balneis
458 1188 548 1245 lotum
576 1207 642 1245 eum
670 1188 739 1259 filio,
761 1188 899 1264 seriptum

115 1284 302 1359 reliquisset''
342 1284 420 1347 Quis
440 1295 484 1341 est
504 1285 602 1361 igitur,
617 1284 666 1359 qui
686 1304 745 1342 non
767 1285 898 1355 fateatur,
915 1290 947 1341 lu

115 1380 170 1437 hoe
184 1380 290 1455 lepore,
306 1391 390 1455 etque
410 1381 455 1438 his
476 1381 597 1451 facetiis,
612 1400 669 1438 non
683 1380 778 1438 minus
796 1380 900 1439 refuta-

114 1487 174 1534 tum
187 1496 250 1533 esse
265 1478 396 1550 Brutum,
409 1496 495 1553 quam
509 1478 566 1534 illis
586 1476 741 1553 tregoediis,
757 1496 828 1551 ques
841 1477 901 1553 egit

114 1573 200 1643 idem,
212 1592 278 1630 eum
293 1593 361 1631 essu
376 1575 406 1632 in
419 1573 522 1630 eidem
537 1572 625 1629 cause
638 1572 738 1630 sunere
752 1573 900 1629 efferretur

115 1689 185 1727 anus
211 1669 319 1742 Juniai
359 1671 426 1742 Pro,
454 1669 503 1727 Dii
531 1668 721 1725 immortales!
756 1687 820 1743 quae
847 1668 899 1725 suit

113 1765 172 1837 illa,
203 1776 310 1839 quanta
346 1764 404 1822 vis!
442 1784 527 1839 quam
564 1764 783 1839 inexspectatai,
814 1769 947 1838 quam15

113 1862 278 1937 repentina!
313 1880 391 1932 eum,
415 1861 556 1937 conjectis
583 1860 685 1931 oeulis,
710 1870 793 1937 gestu
821 1860 900 1917 omni

112 1957 284 2029 imminenti,
298 1958 410 2015 summi
429 1958 568 2034 gravitate
589 1967 618 2015 et
638 1957 785 2015 eeleritate
801 1958 900 2015 verbo-

111 2073 186 2125 rum,
201 2060 220 2086 “
230 2054 328 2126 Brute,
342 2054 410 2129 quid
424 2054 526 2111 sedesi
550 2054 619 2129 quid
633 2054 710 2112 iilam
726 2074 810 2111 unum
824 2054 898 2129 patri

111 2151 245 2208 nuntiare
268 2151 311 2208 ris
334 2153 406 2208 tuoi
436 2150 506 2226 quid
529 2150 586 2207 illis
610 2151 755 2223 omnibus,
777 2168 898 2225 quorum

111 2246 254 2323 imagines
267 2248 334 2305 duci
348 2248 447 2305 videsi
467 2248 537 2323 quid
557 2246 712 2323 majoribus
733 2248 809 2305 tuisi
830 2247 900 2322 quid
915 2260 947 2309 20

110 2341 145 2399 L.
175 2342 276 2413 Bruto,
302 2344 351 2419 qui
379 2344 457 2401 hune
482 2343 619 2421 populum
647 2343 795 2401 dominatu
818 2344 899 2421 regio

109 2440 264 2498 liberaviti
294 2442 363 2515 quid
388 2451 416 2498 te
440 2442 554 2500 faeerei
584 2441 631 2500 eui
653 2442 705 2515 rei,
721 2443 769 2500 eui
790 2442 899 2520 gloriae,

108 2536 163 2595 eui
184 2536 283 2593 virtuti
305 2538 439 2595 studeret
467 2538 678 2613 patrimonione
701 2539 850 2616 sugendo?
872 2549 900 2599 at

108 2634 142 2692 id
163 2651 223 2690 non
243 2642 287 2689 est
306 2633 479 2691 nubilitatis:
500 2633 551 2691 sed
571 2635 703 2708 facesse,
718 2636 789 2694 nihil
804 2655 900 2712 super·

108 2739 172 2799 est3
208 2728 342 2786 libidines
379 2738 471 2786 totum
507 2728 731 2805 dissipaverunt:
770 2751 806 2789 un
841 2731 899 2808 juri
915 2744 947 2793 25

108 2826 212 2885 eivilit
233 2835 277 2883 est
295 2836 462 2901 paternum:
489 2826 539 2883 sed
561 2826 649 2899 diuet,
670 2837 708 2899 te,
730 2847 796 2886 euru
824 2830 900 2887 aedes

106 2922 262 2995 venderes,
275 2942 314 2981 ue
327 2922 358 2981 in
371 2922 443 2981 rutis
457 2922 573 2999 quidem
587 2932 617 2981 et
629 2923 711 2981 eaesis
729 2924 832 2983 solium
846 2925 900 2983 tibi

105 3029 264 3101 paternum
290 3019 450 3097 recepisse:
475 3038 513 3080 an
533 3018 575 3079 rei
596 3020 733 3081 militarit
759 3021 809 3097 qui
828 3038 901 3079 nun·
