2109 3417
110 286 151 345 ω
340 356 348 378 k
428 255 473 344 bn
494 296 658 345 onarosn.
859 299 947 358 [nn

157 443 329 517 eommunia,
343 462 399 503 neo
418 444 448 502 in
469 445 539 503 alias
559 462 661 504 sensas
679 460 762 521 posse
781 444 943 519 transferri,

156 541 207 599 sed
226 539 341 616 penitus
359 559 395 599 ax
413 541 450 599 ei
468 541 567 615 causi,
581 560 645 618 quae
664 551 725 599 tum
739 550 848 618 agatur,
863 542 945 601 efflo-

156 656 256 696 ruisse.

118 885 120 888 .
196 828 336 887 LXXIX.
366 829 462 888 Omne
494 841 588 888 autem
622 830 793 907 principium
821 840 870 890 aut
895 831 940 889 rei

124 925 328 1001 storiasque
349 938 457 1003 agetur,
471 926 711 1003 significationem
732 926 836 985 habere
853 926 940 985 debe-

156 1021 207 1093 bit,
229 1031 277 1079 ant
297 1022 405 1079 aditum
425 1022 463 1079 ad
485 1040 601 1081 oausam
621 1032 650 1079 et
671 1023 875 1105 munitionem·
889 1034 939 1081 aut

155 1118 297 1192 quoddam
311 1128 508 1175 ornamentum
522 1128 551 1175 et
565 1118 742 1195 dignitatem.
784 1120 842 1177 Sed
856 1138 940 1196 opor·

156 1223 206 1284 tet,
220 1223 252 1270 ut
263 1213 373 1271 edibus
393 1233 428 1272 ao
446 1214 560 1290 templis
580 1215 718 1273 vestibula
735 1224 765 1273 et
779 1216 880 1287 aditus,
894 1216 939 1275 sio

155 1310 251 1367 oausis
269 1310 420 1385 principia,
441 1311 624 1387 proportione
645 1330 747 1369 rerum
762 1330 936 1388 preponere.

109 1418 140 1468 10
155 1408 256 1483 Itaque
275 1408 304 1465 in
322 1408 416 1485 parvis
436 1419 521 1483 atque
540 1410 767 1484 infrequentibus
786 1410 879 1468 osusis
900 1412 938 1469 ab

155 1504 217 1579 ipsi
230 1522 261 1561 re
274 1516 317 1562 est
330 1504 454 1562 exordiri
467 1522 542 1579 saepe
555 1505 742 1563 commodius.
808 1538 811 1543 f

194 1601 263 1672 Sed,
283 1619 350 1658 eum
369 1600 424 1658 erit
443 1600 581 1658 utendum
601 1600 743 1677 principio
765 1600 852 1677 (quod
880 1602 939 1678 pie·

155 1715 275 1771 rumque
294 1697 375 1775 erit)‚⁴
389 1706 438 1753 aut
457 1714 493 1752 ex
511 1714 572 1767 reo,
588 1706 636 1753 aut
656 1714 692 1754 ex
706 1697 873 1769 adversario,
889 1706 939 1755 aut

155 1812 192 1849 er
210 1809 251 1863 re,
273 1802 321 1849 sut
339 1810 375 1848 ex
394 1791 437 1849 eis
461 1790 536 1867 apud
562 1810 632 1866 quos
659 1792 761 1869 agitur,
782 1793 940 1850 sententias

109 1895 140 1944 15
155 1887 224 1944 duoi
242 1888 350 1945 licebit.
389 1887 436 1946 Ex
454 1906 515 1959 reo,
531 1885 609 1962 (reos
623 1887 743 1963 appello,
758 1906 876 1963 quorum
891 1906 939 1945 res

155 1985 212 2063 est)
233 2001 295 2058 quae
315 1982 478 2059 significent
498 1983 589 2039 virum
610 1983 810 2058 bonumque
835 1984 939 2041 libera·

154 2079 221 2149 lem,
241 2098 305 2153 quae
331 2078 538 2151 calamitosum,
563 2097 626 2153 quae
653 2078 849 2137 misericordiis
875 2078 938 2156 dig·

154 2192 233 2246 num,
247 2193 311 2249 quas
323 2174 436 2232 valeam
449 2185 550 2233 eontra
569 2175 670 2232 salsam
689 2173 936 2233 criminationem:

154 2288 191 2327 ex
216 2269 385 2341 adversario,
408 2269 510 2327 iisdem
537 2288 573 2327 ex
598 2269 671 2327 loeis
689 2264 756 2327 'sere
784 2270 935 2329 contraria

107 2379 140 2429 m
155 2366 200 2424 Ex
219 2384 260 2436 re,
274 2365 299 2423 si
319 2364 453 2439 erudelis,
470 2365 494 2423 si
515 2366 642 2437 infanda,
663 2366 686 2423 si
706 2375 807 2442 praeter
827 2365 938 2441 opinio·

154 2480 231 2532 nem,
243 2461 276 2518 ‘si
296 2461 448 2533 immerito,
468 2461 494 2519 si
520 2461 633 2532 misera,
654 2462 679 2519 si
706 2462 825 2538 ingrata,
846 2462 871 2520 si
894 2462 937 2521 in-

154 2557 251 2634 digna,
271 2557 296 2615 si
315 2576 399 2629 nova,
423 2557 448 2615 si
473 2575 537 2634 quio
563 2556 674 2615 restitui
700 2556 850 2631 sanarique
875 2576 937 2617 non
1036 2568 1037 2581 ³

152 2653 258 2729 possit:
278 2672 314 2711 ex
327 2652 363 2711 iis
371 2663 481 2726 autern,
497 2653 572 2730 apud
592 2670 663 2729 quos
684 2662 792 2729 agetur,
807 2662 837 2710 ut
852 2653 937 2711 bens-

153 2747 233 2805 volos
265 2750 395 2825 beneque
426 2749 621 2807 existimantes
653 2748 824 2819 effioiamns3
858 2749 937 2823 quod

107 2862 139 2913 ω
155 2844 266 2921 agendo
285 2845 409 2903 efficitur
426 2845 539 2926 melius,
554 2863 639 2921 quam
659 2844 794 2919 rogando.
835 2843 888 2903 Est
905 2844 936 2902 id

153 2941 269 3017 quidem
286 2940 317 2999 in
334 2951 424 3000 totam
443 2940 602 3000 orationem
622 2940 866 3013 eonfundendum,
879 2958 938 3001 neo

154 3037 273 3099 minime
285 3037 316 3098 in
329 3048 501 3111 uminum:
520 3036 572 3097 sed
585 3046 680 3095 tamen
694 3036 784 3095 multa
794 3036 939 3117 prinoipia
