2109 3417
123 286 155 333 n.
165 285 198 346 1.]
411 286 456 331 ua
477 286 640 333 cainone.

120 434 282 493 ¹verborum
321 436 525 513 interpretatio,
559 432 766 511 pronuntiandi
801 435 917 511 quidam

126 550 235 601 sonus;
270 533 299 589 in
328 532 382 589 hac
409 532 534 607 denique
561 533 624 607 ipsi
650 533 762 589 ratione
789 532 915 605 dicendi,

125 629 305 704 excogitare,
321 647 432 699 ornare,
448 628 610 702 disponere,
624 629 798 699 meminisse,
821 648 915 705 agere,

126 724 231 801 ignota
251 726 393 799 quondam
421 725 564 794 omnibus,
584 735 615 781 et
633 725 737 781 diffusa
762 725 820 781 late
841 726 916 782 vide-

123 821 242 877 bantur.
284 820 424 878 Adhibita
443 831 486 877 est
507 820 594 897 igitur
609 839 654 877 ars
667 821 797 895 quedam
810 821 945 879 eumin-5

122 936 214 974 secus
235 936 269 973 ex
291 918 346 975 alio
367 936 471 993 genere
491 918 626 991 quodam,
647 917 723 991 quod
747 918 803 975 sibi
822 928 914 975 totum

123 1012 291 1089 philosophi
306 1028 461 1084 assumunt,
477 1032 540 1087 quae
559 1032 619 1070 rem
640 1014 806 1071 dissolutam
826 1014 914 1071 divul-

121 1128 247 1183 samque
269 1110 489 1187 conglutinaret,
509 1120 540 1166 et
558 1110 668 1167 ratione
695 1110 818 1184 quidam
845 1128 914 1167 cou-

125 1206 290 1282 stringeret.
345 1206 389 1263 Sit
416 1224 485 1283 ergo
512 1206 541 1262 in
566 1206 631 1283 jure
658 1206 735 1263 civili
762 1206 828 1263 huis
853 1206 911 1278 hic,

125 1301 264 1378 legitime
279 1312 361 1377 atque
375 1302 486 1359 usitatae
501 1302 531 1359 in
545 1303 631 1359 rebus
644 1302 795 1377 causisque
805 1303 910 1360 civium
926 1311 957 1360 10

125 1399 328 1472 equabilitatis
348 1398 534 1457 conservatio.
587 1398 667 1455 Tum
693 1409 760 1456 sunt
786 1399 911 1458 notanda

126 1513 244 1571 genera,
267 1504 296 1551 et
318 1494 353 1551 ad
375 1504 484 1551 certum
505 1513 657 1551 numerum
680 1495 910 1570 paucitatemque

126 1590 298 1648 revocanda.
351 1590 449 1649 Genus
483 1600 578 1648 autem
610 1600 654 1647 est
687 1590 727 1661 id,
755 1591 831 1665 quod
865 1592 910 1649 aui

127 1686 237 1743 similes
274 1686 477 1744 communione
514 1685 648 1761 quddam,
682 1686 778 1761 specie
815 1697 909 1743 autem

122 1775 301 1853 differentes,
316 1782 387 1840 duas
407 1792 456 1839 aut
476 1783 573 1857 plures
592 1782 791 1856 complectitur
806 1792 909 1858 partes
926 1793 956 1841 15

125 1878 228 1936 Partes
243 1888 336 1935 autern
351 1889 427 1950 sunt,
442 1897 504 1953 quae
525 1878 679 1954 generibus
698 1877 744 1949 iis,
757 1896 794 1934 ex
807 1877 911 1953 quibus

106 1984 272 2046 remanant,
294 1974 499 2052 subjiciuntur;
521 1973 684 2049 omniaque,
698 1994 761 2049 quae
780 1983 846 2031 sunt
867 1973 910 2030 vel

124 2090 264 2148 generum
293 2071 336 2128 vel
369 2071 491 2146 partium
525 2070 652 2141 nomina,
686 2070 909 2141 definitionibus,

126 2186 212 2242 quam
228 2167 282 2223 vim
298 2168 430 2238 habeant,
445 2176 488 2223 est
502 2166 725 2241 exprimendum.
767 2166 819 2224 Est
832 2166 909 2223 enim

126 2262 267 2333 definitio,
281 2281 378 2319 earum
392 2280 486 2319 rerum
502 2282 565 2337 quae
578 2271 645 2318 sunt
657 2262 720 2338 ejus
733 2262 775 2319 rei
788 2262 909 2338 propriae
922 2272 954 2323 2⁰

126 2377 212 2434 quam
233 2359 351 2416 definire
371 2358 510 2429 volumus,
531 2358 625 2415 brevis
644 2368 673 2415 et
693 2359 910 2435 circumscripta

124 2455 256 2530 quaedam
277 2455 437 2531 explicatio.
478 2453 571 2511 Hisce
590 2473 646 2531 ego
671 2454 756 2511 rebus
779 2454 910 2529 exempla

126 2551 323 2628 adjungerem,
350 2552 415 2623 nisi,
451 2550 525 2626 apud
557 2570 629 2625 quos
662 2552 725 2608 haec
757 2551 909 2609 haberetur

124 2647 228 2718 oratio,
249 2666 413 2705 cernerem:
439 2664 518 2704 nunc
542 2647 725 2722 complectar,
745 2648 822 2723 quod
848 2666 910 2723 pro-

124 2743 220 2819 posui,
235 2744 321 2801 brevi.
363 2744 395 2801 Si
413 2743 491 2801 enim
513 2754 562 2801 aut
581 2744 651 2801 mihi
673 2744 767 2801 iacere
784 2744 908 2815 licuerit,
922 2756 954 2805 25

124 2840 201 2915 quod
212 2840 320 2915 jamdiu
341 2840 449 2916 cogito,
465 2850 513 2898 aut
534 2840 606 2897 alius
625 2840 776 2916 quispiam,
791 2851 848 2906 aut,
862 2858 909 2895 me

46 2960 49 2976 ·
126 2936 273 3010 impedit0,
302 2936 459 3011 occuperit,
489 2944 537 2993 aut
567 2945 680 2993 mortuo
713 2935 850 3003 effecerit,
877 2942 909 2989 ut

126 3030 250 3107 primum
270 3048 355 3089 omne
372 3031 419 3107 jus
438 3030 523 3088 civile
537 3030 569 3087 in
585 3048 693 3107 genera
712 3030 833 3106 digerat,
846 3044 908 3101 que
