2109 3417
121 273 178 331 146
440 281 483 328 ur:
507 280 670 326 onnrosa.
872 285 911 343 [n.
922 285 953 332 11.

159 448 209 487 rue
223 448 338 504 quoque
351 429 406 486 sibi
420 427 588 506 magistrum
610 429 745 494 futurum.
787 430 845 488 Vix
860 451 954 490 annus

163 524 364 583 intercesserat
378 527 414 583 ab
427 525 483 582 hoo
497 542 628 583 sermone
640 527 856 585 -oohortetionis
870 547 952 598 mese,

163 640 231 678 eum
258 622 311 679 iste
339 621 485 678 accusavit
512 621 547 678 C.
572 621 754 693 Norbanum,
779 622 953 682 defendente

163 737 219 774 me.
259 717 329 774 Non
349 727 393 774 est
412 717 562 788 credibile,
577 717 646 792 quid
667 717 805 774 interesse
826 719 895 776 mihi
914 721 953 778 sit

133 813 255 874 5visum
275 813 350 870 inter
370 833 436 870 eum
455 814 504 888 qui
525 824 585 870 tum
602 824 673 884 erat,
688 816 778 889 etqui
794 833 870 873 anno
885 826 952 874 ante

163 910 263 967 suerat.
317 909 446 966 Omnino
472 910 502 966 in
532 899 600 968 iilud
628 931 720 987 genus
752 929 818 968 eum
852 911 952 970 Crassi

162 1005 348 1081 magnifieum
369 1015 453 1080 atque
472 1007 641 1080 praeclarum
662 1016 765 1063 natura
784 1005 845 1081 ipsa
863 1006 952 1064 duoe-

163 1101 228 1158 bat:
253 1101 303 1158 sed
324 1113 361 1158 ¹ea
384 1118 441 1158 non
465 1101 535 1158 satis
557 1099 697 1177 proficere
721 1099 869 1178 potuisset,
894 1103 950 1160 nisi

162 1197 263 1254 eodem
284 1197 379 1255 studio
394 1208 479 1272 atque
493 1197 653 1254 imitatione
668 1197 848 1269 intendisset,
864 1209 951 1274 atque

118 1312 149 1360 10
163 1292 204 1350 ita
222 1293 320 1350 dicere
340 1293 517 1364 oonsudsset,
540 1304 570 1352 ut
591 1294 651 1351 totd
679 1304 774 1352 mente
800 1294 950 1368 Crassum,

163 1400 247 1465 atque
260 1390 340 1448 omni
355 1390 460 1461 animo,
475 1390 643 1448 intueretur.

201 1581 302 1641 XXII.
333 1581 412 1659 Ergo
438 1582 494 1640 hoe
519 1582 558 1639 sit
590 1583 713 1658 primum
741 1583 770 1640 in
798 1583 951 1659 preceptis

162 1679 244 1750 meis,
268 1688 300 1736 ut
326 1679 564 1749 demonstremus,
589 1698 674 1752 quem
702 1679 837 1749 imitetur,
863 1688 950 1754 atque

163 1776 212 1847 ita,
227 1785 267 1847 ut,
283 1794 347 1850 quae
361 1775 482 1832 maxime
502 1775 645 1831 excellant
666 1774 694 1832 in
709 1793 745 1831 eo
758 1793 841 1850 quem
857 1775 951 1833 imita·

118 1881 149 1938 15
163 1873 248 1945 bitur,
259 1891 294 1930 ea
303 1873 520 1950 diligentissime
531 1882 731 1947 persequatur:
752 1882 813 1928 tum
829 1873 951 1930 recedat

162 1969 339 2039 erieroitatio‚
354 1971 410 2044 qud
431 1969 521 2039 illum,
537 1987 622 2043 quem
644 1978 709 2024 ante
723 1967 871 2044 delegerit,
887 1969 951 2026 imi-

162 2064 250 2122 tendo
270 2065 395 2140 effingat,
411 2075 495 2139 atque
516 2065 556 2122 ita
575 2064 731 2140 exprimat3
753 2081 810 2120 non
832 2075 863 2122 ut
877 2065 950 2122 mul·

143 2171 208 2230 ¹tos
234 2160 389 2218 imitatores
416 2179 491 2236 saepe
516 2161 651 2237 cognovi,
675 2160 724 2235 qni
752 2171 800 2218 aut
826 2179 862 2218 aa
884 2181 950 2236 quae

163 2255 261 2313 facilia
279 2265 355 2328 sunt,
372 2269 420 2314 aut
439 2257 525 2314 etiam
540 2257 666 2331 illaque
681 2257 804 2332 insignia
818 2275 852 2314 ao
865 2275 950 2332 paene

117 2353 150 2414 20
163 2354 275 2426 vitiosa,
297 2365 501 2412 consectantur
527 2355 675 2412 imitando.
730 2354 812 2412 Nihil
839 2366 883 2413 est
910 2356 951 2414 t'a·

163 2450 258 2523 cilius,
278 2469 363 2526 quam
385 2451 521 2508 amioturn
542 2450 648 2508 imitari
674 2450 803 2526 alicujus,
826 2462 874 2509 aut
894 2462 950 2510 sta·

163 2552 234 2618 turri,
249 2557 298 2604 aut
311 2556 427 2604 motum.
469 2547 501 2604 Si
515 2565 581 2604 vero
595 2545 681 2604 etiam
695 2546 826 2604 vitiosum
842 2547 950 2622 aliquid

163 2652 216 2714 est,
231 2643 260 2700 id
280 2661 403 2714 sumere,
417 2653 447 2699 et
460 2642 490 2699 in
504 2661 541 2700 eo
554 2643 684 2700 vitiosum
705 2661 779 2714 esse,
793 2661 851 2700 non
872 2663 951 2722 mag-

162 2757 231 2796 num
252 2749 305 2813 est,
326 2739 435 2810 utilis,
456 2739 505 2814 qui
527 2738 722 2809 nuncetiam,
744 2739 848 2796 amisst
869 2758 949 2810 rose,

117 2849 150 2899 25
164 2834 231 2892 furit
257 2833 287 2892 in
314 2834 462 2910 republicfi
495 2834 622 2906 Funus,-
638 2849 740 2891 nervos
767 2835 797 2892 in
825 2834 951 2893 dioendo

163 2931 198 2989 C.
218 2931 364 3003 Fimbriae,
384 2949 457 3005 quos
476 2917 572 2988 tamen
594 2929 693 2987 habuit
712 2929 769 3000 ille,
791 2947 847 2988 non
876 2947 952 2988 asse·

163 3027 268 3106 quitor,
282 3027 340 3086 oris
359 3026 527 3104 pravitatem
548 3035 578 3084 et
598 3027 750 3084 verborum
768 3023 953 3087 latitudinem
