2109 3417
123 299 183 360 17⁰
445 307 489 356 un
510 307 675 354 omronu
866 309 966 370 [nm.

170 467 200 516 et
219 466 329 515 nature
354 466 414 528 est3
446 456 533 529 seire,
553 455 623 532 quid
649 454 823 532 quandoque
850 455 965 530 deoest,

168 553 336 631 prudentior.

209 746 286 805 LVI.
321 747 380 806 Sed
407 747 470 805 hmo
491 747 553 824 ipss
573 746 670 806 omnia
688 746 809 823 perinde
829 757 910 819 sunt,
931 758 963 806 ut

169 854 301 921 aguntur.
342 844 439 915 Aetio,
453 843 582 919 inquam,
597 844 626 902 in
646 843 771 902 dieendo
792 863 852 901 una
870 844 962 902 domi·
1030 893 1031 906 ³

135 938 268 1000 5nstur:
290 941 353 998 sine
372 941 428 999 heo
446 961 575 999 summus
587 951 689 1000 orator
702 959 764 1000 esse
785 940 815 998 in
835 959 960 999 numero
1030 955 1031 986 1

167 1037 246 1095 nullo
264 1046 376 1113 potest:
400 1037 566 1109 mediocris,
581 1037 636 1094 hso
650 1036 816 1106 instructus,
830 1055 960 1095 summos

167 1153 242 1209 sepe
260 1151 403 1209 superare.
445 1134 525 1192 Huio
539 1133 645 1210 primas
658 1132 771 1190 dedisse
785 1132 959 1192 Demosthe·

166 1247 219 1286 nes
231 1230 347 1301 dieitur,
363 1246 429 1286 eum
442 1240 602 1306 rogaretur,
614 1229 682 1303 quid
697 1229 727 1286 in
741 1228 868 1286 dicendo
882 1239 959 1288 esset

130 1340 134 1348 ’
164 1325 303 1400 primum;
325 1326 558 1396 huioseoundas,
574 1325 643 1383 huie
657 1325 763 1383 terties.
796 1324 871 1387 Quo
885 1327 957 1384 mihi

117 1426 149 1477 10
164 1423 267 1480 meiius
293 1423 379 1480 etiam
407 1422 477 1480 illud
505 1424 541 1479 ab
561 1421 702 1480 AEsohine
729 1422 838 1479 dictum
864 1423 957 1480 rideri

164 1519 252 1589 solet;
274 1519 332 1594 qui,
347 1537 413 1576 oum
433 1529 548 1595 propter
569 1518 755 1594 ignominiam
773 1517 881 1593 judieii
896 1538 957 1577 ees-

163 1615 247 1674 sisset
260 1616 393 1687 Athenis,
405 1625 435 1672 et
447 1634 479 1672 se
491 1614 630 1672 Rhodum
645 1614 823 1686 contulisset,
834 1626 957 1692 rogetus

163 1730 180 1770 s
201 1712 335 1783 Rhodiis,
356 1711 462 1788 legisse
481 1711 571 1768 fertur
591 1711 749 1770 orationem
771 1710 850 1768 illum
872 1730 956 1789 egre-

161 1808 248 1884 gism,
262 1826 346 1882 quarn
368 1808 398 1865 in
418 1807 637 1883 Ctesiphontem
658 1817 758 1866 oontrs
779 1807 956 1866 Demosthe-

115 1911 146 1959 15
161 1922 226 1961 nem
247 1903 373 1962 dixerut:
408 1904 464 1979 qui
490 1903 627 1980 perlecti,
647 1903 767 1979 petitum
794 1913 839 1961 est
859 1905 898 1962 ab
917 1924 955 1964 eo

91 2063 93 2069 Α
160 1999 306 2075 postridie,
321 2011 353 2058 ut
370 2001 479 2078 legeret
492 2000 570 2058 iiiam
585 2000 683 2071 etium,
697 2019 759 2074 que
773 2010 835 2057 eret
848 2012 954 2060 eontra

161 2115 178 2153 a
191 2095 387 2154 Demosthene
398 2117 451 2169 pro
464 2097 654 2172 Ctesiphonte
667 2096 760 2154 edite:
782 2115 868 2170 quum
884 2116 954 2156 oum

159 2191 327 2250 suavissimi
341 2203 370 2250 et
383 2193 508 2252 maximi
518 2211 590 2251 sooe
603 2193 728 2270 legisset,
741 2192 953 2252 admirantibus

158 2289 300 2360 omnibus,
314 2290 445 2360 Quanto,
460 2290 562 2365 inquit,
577 2290 668 2366 magis
686 2288 912 2362 admiraremini,
926 2291 953 2350 si

110 2384 312 2443 manutenetis
344 2385 460 2461 ipsumi
493 2386 539 2444 Ex
572 2404 629 2460 quo
661 2385 730 2444 setis
763 2385 952 2462 significarit,

159 2490 296 2553 quantum
315 2493 390 2540 esset
403 2482 434 2539 in
449 2482 573 2554 notione,
587 2481 637 2558 qui
652 2481 810 2540 orationem
825 2483 951 2542 eandem

159 2575 244 2634 eliam
259 2597 322 2635 esse
334 2589 458 2655 poteret,
472 2590 570 2637 sotore
583 2589 703 2636 mutato.

197 2672 280 2735 Quid
294 2675 347 2732 fuit
361 2675 391 2732 iu
405 2674 541 2733 Greooho
553 2674 651 2752 (quem
665 2685 707 2746 tu,
717 2675 831 2745 Catule,
843 2676 950 2734 melius

158 2770 339 2848 meministi),
353 2772 440 2846 quod,
458 2789 506 2829 me
525 2789 624 2847 puero,
639 2781 786 2847 tantopere
805 2771 948 2830 serretur?

108 2870 141 2921 et
158 2867 257 2930 “Quo
274 2884 322 2923 me
339 2867 426 2925 miser
440 2866 608 2925 conseram?
628 2887 686 2942 quo
698 2869 825 2925 vertamt
846 2867 877 2926 in
891 2868 949 2925 Ca·
1030 2853 1031 2860 ἵ

156 2963 346 3039 pitoiiumnei
379 2972 408 3018 ut
427 2961 523 3020 fratris
549 2962 691 3040 sanguine
716 2962 872 3022 redundet:
909 2981 947 3022 an

157 3059 293 3120 domumi
319 3065 479 3117 metremne
492 3069 524 3118 ut
537 3058 671 3134 miserum
684 3059 948 3134 lamentantemque
