2109 3417
141 260 171 307 a.
183 262 214 321 1.1
427 260 472 307 nn
494 256 658 307 ouarona.
943 246 982 305 lt

142 411 277 467 omnium
296 427 392 467 rerum
416 426 585 486 magnarum
608 421 693 485 atque
716 408 820 467 artium
843 408 937 469 scien·

144 507 219 564 tiam
238 516 420 564 consecutus
462 507 579 564 Etenim
597 524 632 564 ex
650 524 746 564 rerum
767 506 935 584 cognitione

145 604 307 661 efflorescat
321 612 350 660 et
364 604 505 660 redundet
525 613 638 679 oportet
658 604 768 663 oratio:
791 623 864 678 quar,
878 604 935 662 nisi

144 700 245 757 subest
265 719 311 757 res
332 701 367 757 ab
388 711 499 759 oratore
518 710 655 776 percepta
674 710 705 758 et
724 701 851 778 cognita,
876 702 936 759 ina·

144 814 213 853 nem
227 797 370 872 quandam
391 796 478 853 babet
495 797 690 855 elocutionem
704 808 734 854 et
746 815 828 874 pene
841 796 965 873 pueri-⁶

144 893 212 952 lem.
262 893 367 968 Neque
387 912 455 951 vcro
476 912 532 971 ego
552 894 607 952 hoc
633 904 745 953 tantum
768 895 864 951 oneris
884 894 936 952 im·

143 1008 263 1067 ponam,
290 991 395 1049 nostris
425 991 584 1065 praesertim
617 992 788 1064 oratoribus,
816 991 846 1048 in
880 990 936 1049 hac

144 1087 228 1143 tantd
254 1086 444 1162 occupatione
470 1086 560 1157 urbis,
586 1105 621 1145 ac
646 1087 722 1159 vitae,
742 1088 814 1144 nihil
829 1097 874 1159 ‚nt
899 1087 936 1145 iis

144 1192 244 1259 putem
272 1183 360 1240 licere
387 1182 516 1241 nescire:
544 1202 706 1258 quanquam
734 1183 777 1240 vis
803 1183 935 1256 oratoris,

145 1279 343 1355 professioque
367 1279 428 1354 ipsa
451 1279 526 1337 bene
554 1280 680 1351 dicendi,
705 1282 763 1338 hoc
788 1281 935 1355 suscipere
950 1280 982 1330 10

147 1394 183 1433 ac
201 1375 332 1451 polliceri
353 1375 474 1447 videtur,
489 1386 521 1433 ut
541 1377 621 1433 omni
641 1377 678 1434 de
691 1396 733 1449 re,
748 1395 936 1452 quecumque

146 1471 184 1529 sit
203 1470 356 1547 proposita,
376 1470 412 1528 ab
432 1490 468 1528 eo
488 1482 599 1544 ornate,
620 1473 792 1549 copioseque
811 1473 933 1531 dicatur.

147 1569 207 1627 Sed
231 1568 378 1644 quianon
404 1568 513 1641 dubito,
537 1569 607 1644 quin
634 1569 692 1627 hoc
717 1569 862 1645 plerisque
884 1569 936 1627 im·

145 1682 278 1721 mensum
299 1664 500 1740 infinitumque
518 1665 658 1737 videatur,
672 1676 701 1722 et
720 1665 797 1741 quod
816 1666 950 1722 Graecos.

147 1760 279 1819 homines
305 1781 362 1820 non
390 1762 484 1819 solum
510 1760 629 1838 iugenio
658 1771 688 1817 et
714 1761 857 1831 doctrine,
884 1760 935 1817 sed
952 1766 983 1815 15

149 1857 234 1914 etiam
260 1859 319 1916 otio
350 1859 503 1933 studioque
537 1856 725 1924 abundantes,
751 1856 936 1932 partitionem

147 1953 289 2029 quandam
319 1954 422 2011 artium
450 1952 554 2010 secisse
580 1952 672 2023 video,
696 1970 791 2026 neque
817 1952 847 2009 in
874 1951 938 2009 nni·

147 2068 230 2107 verso
250 2068 356 2127 genere
377 2048 506 2127 singulos
523 2049 696 2121 elabordsse,
711 2048 760 2106 sed
775 2049 937 2125 seposuisse

41 2224 50 2237 ⁸
148 2166 165 2204 a
184 2146 289 2204 ceteris
309 2146 484 2205 dictionibus
505 2166 568 2205 eam
592 2156 702 2222 partem
723 2147 851 2219 dicendi,
873 2166 935 2221 quaa

148 2244 178 2301 in
204 2243 364 2305 forensibus
387 2244 645 2319 disceptationibus
668 2244 844 2320 judiciorum
872 2242 936 2320 [aut
951 2252 983 2301 2⁰
1015 2286 1018 2296 ,

147 2339 403 2419 deliberationum]
431 2350 602 2413 versaretur,
623 2350 653 2397 et
673 2341 702 2398 id
725 2359 817 2398 unum
844 2358 936 2417 genus

148 2435 254 2493 oratori
274 2436 440 2511 reliquisse3
465 2454 523 2493 non
544 2436 720 2513 complectet
740 2437 771 2494 in
791 2437 835 2494 his
855 2436 936 2493 libris

151 2532 280 2607 amplius,
293 2550 379 2609 quam
400 2532 476 2607 quod
498 2533 567 2590 huic
586 2534 697 2611 generi,
715 2552 747 2590 re
767 2533 887 2608 quaesiti
907 2542 937 2591 et

151 2628 270 2686 multum
292 2628 447 2703 disputatd,
468 2648 646 2686 summorum
673 2629 822 2686 hominum
848 2648 937 2706 prope

151 2742 292 2783 consensu
325 2735 368 2783 est
400 2725 556 2783 tributum:
591 2735 785 2801 repetamque,
812 2743 872 2783 non
902 2727 938 2784 ab
952 2732 984 2782 ᾖ

150 2820 334 2879 incunabulis
353 2812 458 2881 nostras
479 2821 583 2879 veteris
603 2820 778 2896 puerilisque
798 2819 937 2879 doctrine

149 2918 293 2994 quendam
320 2920 450 2977 ordinem
477 2926 696 2996 preceptorum,
723 2916 775 2973 sed
802 2934 847 2984 ea,
874 2932 938 2987 quaa

150 3017 296 3093 quondam
324 3014 423 3094 accepi
450 3014 481 3071 in
508 3020 672 3071 nostrorum
698 3010 859 3076 hominum,
881 3004 939 3063 elo·
