2109 3417
130 266 171 323 96
451 275 495 322 ns
517 272 681 320 carrona.
892 270 930 331 [ι.
941 269 964 316 1.

176 433 252 481 esset
264 432 370 494 orator,
382 421 454 499 juris
467 421 590 478 eundem
611 439 675 478 esse
694 419 872 489 coasultum
892 438 965 496 prae·

176 520 269 577 claras
295 519 366 576 duas
393 529 468 575 artes
495 517 694 588 constitueres,
719 527 804 590 atque
831 516 904 573 inter
930 534 963 574 se

176 635 269 693 pares,
289 625 318 672 et
338 615 464 690 ejusdem
484 613 579 671 socias
601 613 763 689 dignitatis:
785 630 863 670 nunc
883 628 962 684 vero,

175 710 410 788 jurisconsultum
429 711 492 766 sine
510 710 566 766 lrac
580 709 753 783 eloquentia,
769 708 804 765 de
818 709 874 783 qud
888 726 964 782 qum-

145 809 275 878 orimus,
303 807 405 864 lateris·
427 824 495 863 esse
521 824 615 881 posse,
631 805 773 879 fuisseque
806 803 962 879 plurimos;
1043 787 1044 798 ἵ

177 915 317 962 oratorem
338 922 436 978 negas,
451 902 507 959 nisi
521 901 599 959 illam
620 901 771 958 scientiam
787 900 962 973 assumserit,

177 1019 241 1057 esse
261 1018 352 1075 posse.
393 998 438 1055 lta
457 1007 501 1054 est
521 997 572 1054 tibi
590 996 811 1072 jurisconsultus
831 996 891 1071 ipse
911 1015 963 1072 per

178 1096 304 1167 senihil,
319 1095 375 1152 nisi
395 1094 535 1171 leguleius
555 1094 670 1168 quidam
691 1103 793 1150 cautus
807 1103 835 1150 et
851 1102 962 1165 acutus,

178 1211 273 1269 praeco
307 1192 462 1262 actionum,
494 1201 594 1248 cantor
628 1190 822 1260 formularum,
857 1208 964 1265 auceps

133 1297 163 1345 1⁰
178 1290 366 1365 syllabarum:
394 1288 454 1358 sed,
476 1287 543 1362 quia
568 1305 643 1362 sepe
671 1287 759 1346 utitur
783 1297 878 1345 orator
898 1287 964 1346 sub·

178 1385 253 1442 sidio
269 1385 343 1461 juris
362 1384 391 1440 in
413 1383 516 1453 causis,
538 1383 649 1440 idcirco
672 1383 754 1440 istam
779 1383 851 1458 juris
871 1383 965 1444 soien-

178 1482 248 1540 tiam
281 1481 460 1555 eloquentie,
487 1489 622 1553 tanquam
657 1479 820 1537 ancillulam
853 1480 966 1554 pedise-

179 1596 330 1653 quamque,
345 1575 506 1652 adjunxisti.

218 1770 293 1829 LVI.
324 1768 414 1831 Quod
436 1789 502 1828 vero
525 1771 729 1848 impudentiam
757 1769 911 1828 admiratus
931 1789 966 1830 es

133 1871 164 1920 15
178 1886 277 1925 eorum
297 1875 492 1942 patronorum,
513 1867 562 1943 qui
579 1878 644 1938 aut,
665 1885 732 1924 curn
758 1853 845 1942 paria
871 1867 966 1924 nesci-

179 1974 252 2033 rent,
273 1982 377 2040 magna
395 1964 603 2039 profiterentur,
626 1973 673 2022 aut
692 1982 736 2034 ca,
758 1981 820 2036 quae
840 1963 965 2022 maxima

179 2069 274 2116 essent
292 2059 321 2116 in
339 2060 403 2135 jure
417 2060 503 2130 civili,
519 2069 642 2117 tractare
663 2060 799 2117 auderent
813 2059 842 2116 iu
857 2061 964 2134 causis,

179 2173 246 2212 cum
279 2173 315 2211 ea
348 2155 501 2226 nescirent,
539 2173 742 2230 nunquamque
777 2155 964 2229 didicissent;

180 2249 328 2324 utriusque
354 2249 396 2306 rei
424 2249 516 2306 facilis
553 2259 596 2308 est
622 2261 651 2308 et
676 2259 787 2327 promta
824 2251 962 2312 ddeusio

59 2407 62 2415 ¹
132 2345 257 2403 2⁰Nem
291 2363 383 2420 neque
410 2345 480 2402 illud
506 2356 550 2403 est
576 2347 747 2418 mirandum,
774 2346 833 2422 qui,
860 2347 965 2422 quibus

181 2441 274 2499 verbis
296 2441 423 2499 coemtio
446 2442 505 2513 fiat,
519 2443 639 2514 nesciat,
654 2443 775 2500 eundem
790 2443 851 2519 ejus
863 2445 966 2504 mulie·

181 2538 230 2609 ris,
265 2557 327 2613 que
365 2539 557 2599 coemtionem
592 2538 702 2608 lecerit,
729 2557 845 2596 causam
879 2557 964 2616 posse

181 2635 351 2692 defendere:
372 2653 437 2706 nec,
452 2634 476 2692 si
489 2634 568 2709 parvi
589 2635 694 2712 navigii
709 2645 737 2692 et
750 2635 846 2712 magni
863 2636 964 2701 eadem
1043 2625 1044 2664 ³

183 2741 225 2788 est
244 2731 272 2787 in
293 2731 480 2807 gubernando
500 2731 647 2800 scientia;·
660 2731 769 2789 idcirco
788 2733 846 2806 qui,
861 2731 964 2806 quibus

134 2841 167 2894 25
183 2827 274 2884 verbis
306 2836 417 2884 erctum
450 2826 521 2884 cieri
555 2837 693 2903 oporteat,
729 2829 849 2901 nesciat,
885 2827 964 2885 idem

183 2923 380 2982 herciscundae
404 2923 518 2982 familiae
541 2941 657 2980 causam
682 2941 766 3000 agere
786 2942 845 2981 non
865 2922 964 2999 possit.

183 3019 270 3093 Nam,
280 3019 355 3096 quod
366 3019 503 3080 maximas
513 3020 731 3080 centumvitales
745 3039 846 3080 causas
858 3019 889 3078 in
899 3019 965 3098 iure
1043 3009 1044 3012 ¹
