2109 3417
143 288 225 391 nn]
425 333 469 379 ou
490 332 654 379 onaroau.
932 322 970 381 51

141 480 201 557 jam
219 490 310 557 putet,
330 482 465 557 quoniam
488 482 604 557 quidem
625 490 657 539 tu
681 480 828 540 Fabricios
855 480 925 542 mihi

144 591 284 647 auctores,
298 588 327 634 et
341 579 504 649 Africanos,
519 577 672 649 Maximus,
693 578 829 649 Catones,
844 577 926 654 Lepi-

142 673 197 730 dos
215 674 366 749 protulisti.
409 674 466 731 Sed
488 674 598 731 habetis
612 693 656 745 ee,
672 694 733 748 quae
748 674 875 733 voluistis
889 692 924 731 ex

142 786 190 825 me
209 768 318 839 audire,
332 768 368 825 de
388 769 491 844 quibus
511 769 625 843 quidem
648 766 809 827 accuratius
829 768 926 826 dicen·

141 864 211 921 dum
231 874 260 921 et
279 865 464 941 cogitandum
484 865 553 922 fuit:
580 884 645 928 nam
674 874 771 923 cetera
796 865 955 923 facilioras

140 970 218 1031 sunt,
240 970 324 1035 atque
344 980 379 1017 ex
400 960 445 1032 iis,
466 980 529 1036 qum
547 961 606 1037 jam
626 961 704 1019 dicta
723 970 798 1035 sunt,
810 961 925 1037 'reliqua

140 1066 298 1113 nascuntur
312 1057 417 1116 omnia

180 1248 306 1307 LXXII.
337 1248 401 1325 Ego
421 1250 511 1307 enim
545 1268 611 1307 cum
646 1250 681 1307 ad
715 1270 845 1308 causam«
860 1268 922 1308 sum

141 1363 301 1421 aggressus,
316 1356 401 1419 atque
420 1346 519 1403 omnia
538 1346 701 1421 cogitando,
715 1348 807 1421 quoad
829 1347 943 1407 iacere,

139 1440 231 1515 potui,
251 1452 433 1516 persecutus;
454 1460 521 1498 cum
542 1447 571 1497 et
591 1452 758 1516 argumenta
777 1462 880 1515 cause,
895 1444 970 1500 erlo

141 1555 190 1594 eos
209 1538 288 1595 locos
308 1538 411 1611 quibus
431 1536 519 1594 animi
537 1536 666 1612 judicum
681 1538 880 1608 conciliantur,
894 1548 923 1595 et

140 1631 206 1690 illos
229 1634 333 1707 quibus
357 1644 567 1707 permoventur,
589 1632 647 1689 vidi
675 1643 758 1707 atque
785 1634 921 1709 cognovi;

139 1737 201 1785 tum
221 1728 376 1799 constituo,
390 1728 459 1803 quid
480 1727 582 1785 habeat
602 1746 720 1802 queque
740 1746 827 1785 eausa
845 1729 923 1799 boni,

140 1823 209 1897 quid
232 1823 308 1881 mali.
348 1822 439 1881 Nulla
462 1822 538 1879 enim
563 1822 622 1879 fere
645 1841 690 1880 res
712 1831 805 1897 potest
829 1822 859 1881 iu
883 1823 924 1879 di·

140 1919 227 1977 cendi
246 1919 482 1995 disceptationem
503 1930 552 1977 aut
574 1920 796 1977 controversiam
817 1919 922 1991 vocari,
938 1924 969 1974 15

139 2034 204 2090 qua
229 2033 289 2073 aon
316 2016 419 2074 habeat
441 2025 609 2091 utrumque:
636 2016 697 2088 sed,
718 2027 854 2092 quantum
875 2016 923 2075 ha·

139 2111 215 2183 beat,
230 2112 260 2171 id
273 2113 366 2171 refert
767 2182 768 2185 Ἴ

178 2207 248 2266 Mea
268 2221 362 2280 autem
382 2210 456 2266 ratio
476 2209 506 2267 in
526 2206 651 2267 dicendo
671 2208 733 2267 haee
760 2228 822 2267 esse
842 2208 921 2281 solet,

139 2313 181 2372 ot,
201 2304 270 2361 honi
296 2305 373 2380 quod
400 2306 512 2376 habeat,
538 2306 566 2361 id
595 2306 758 2381 amplecter,
778 2325 922 2378 exornem,

139 2416 326 2474 exaggerem
361 2401 401 2459 ibi
433 2420 602 2472 commorer,
636 2402 675 2458 ibi
712 2401 847 2473 habitem,
882 2403 921 2460 ibi
937 2409 968 2459 20
1047 2410 1048 2415 ’

140 2493 280 2552 haeream:
301 2497 406 2554 amalo
425 2509 519 2554 autam
535 2498 658 2572 vitioque
674 2516 767 2555 cause
784 2499 825 2557 ite
844 2517 923 2556 rece-

139 2590 215 2660 dam,
236 2607 295 2648 noa
315 2602 347 2649 at
367 2592 395 2649 id
422 2611 469 2649 me
494 2592 630 2668 defugere
658 2604 800 2669 appareat,
821 2594 922 2653 sedat

138 2695 242 2756 totum,
257 2687 333 2743 bono
353 2687 402 2744 iilo
421 2688 550 2745 ornmrdo
570 2697 599 2745 et
620 2689 751 2765 eugendo
764 2689 923 2753 dissimula·

138 2793 210 2853 tum,
224 2783 369 2841 obruatur.
411 2782 459 2854 Et,
473 2783 498 2841 si
519 2802 607 2843 eausa
625 2794 669 2843 est
686 2784 724 2843 in*
738 2786 921 2861 argumentis,

137 2878 301 2950 firmissima
333 2898 451 2955 queque
483 2880 606 2939 maxime
634 2892 726 2952 tueor,
754 2880 814 2939 siva
839 2882 922 2957 plura
936 2890 968 2939 25

137 2988 214 3048 sunt,
238 2975 299 3034 sive
326 2976 438 3051 aliquod
465 2994 571 3035 unum:
604 2977 648 3035 sin
677 2987 770 3035 autem
798 2978 827 3035 in
854 2996 922 3035 con·

138 3070 286 3131 eiiiatione
307 3081 356 3130 aut
375 3071 405 3131 ia
424 3071 604 3149 permotione
624 3082 783 3145 causaest,
802 3072 837 3131 ad
858 3089 921 3131 eam
