2109 3417
427 290 472 338 ne
492 290 655 342 errrore.
857 292 897 351 [ι.
908 290 939 341 11.
1042 278 1045 287 '

156 449 205 497 rut
223 440 392 517 dignitatem
414 441 517 512 inesse,
539 451 587 499 aut
609 439 777 512 utilitatem
805 456 938 517 eumque,

155 536 203 594 eui
224 538 364 595 concilies
383 539 461 598 hune
488 557 624 609 amorem,
645 538 789 614 significes
809 538 880 595 nihil
903 538 939 597 ed

155 634 306 691 utilitatem
320 653 401 691 surm
415 634 556 704 retulisse,
569 654 602 692 ae
617 634 687 693 nihil
703 634 821 691 omnino
835 634 939 693 iecisse

155 730 242 787 deusd
254 731 334 789 eud·
356 731 503 789 Inridetur
523 732 599 789 enirn
617 730 776 789 commodis
790 730 938 789 hominurn

122 827 298 902 dipsorum3
326 828 428 884 studiis
449 839 543 885 eutem
565 846 663 885 eorum
691 827 794 883 ceteris
815 846 939 888 eommo-

154 924 241 980 dandi
261 924 378 981 savetur.
419 923 640 997 Videndumque
661 922 716 980 hoe
736 924 802 981 loeo
823 933 874 993 est,
890 942 937 994 ne,

154 1038 224 1093 quos
238 1020 275 1076 ob
289 1019 440 1076 benefacta
458 1019 539 1095 diligi
554 1020 690 1089 volemus,
705 1038 803 1077 eorum
824 1019 938 1077 laudern

154 1127 238 1189 atque
251 1116 369 1192 gloriam
385 1115 448 1191 (eui
462 1116 586 1172 maxime
608 1116 727 1172 invideri
748 1116 833 1194 solet)
852 1115 938 1172 nimis

152 1212 253 1269 efferre
267 1212 420 1269 videamur.
462 1212 559 1286 Atque
580 1212 681 1269 iisdem
702 1212 745 1269 his
765 1230 800 1269 ex
820 1212 892 1269 loeis
908 1222 937 1269 et

106 1316 137 1365 10
151 1307 248 1365 odium
269 1307 299 1365 in
321 1308 391 1366 alios
410 1319 520 1365 struere
541 1308 694 1379 discemus,
713 1319 742 1365 et
762 1327 778 1365 a
799 1308 881 1365 nobis
903 1327 938 1365 ae

151 1404 257 1461 nostris
277 1405 441 1462 demovere:
468 1405 626 1479 eademque
654 1405 715 1463 haee
739 1423 845 1481 genera
864 1416 938 1462 tree-

151 1500 239 1558 tanda
258 1510 325 1558 sunt
345 1500 375 1557 in
389 1500 540 1559 ireeundid
554 1502 597 1559 vel
612 1501 764 1559 excitandd
779 1500 821 1559 vel
837 1501 937 1568 seden-

151 1596 206 1655 dt:
226 1615 304 1667 nem,
324 1596 359 1668 si,
380 1599 455 1671 quod
476 1598 554 1673 ipsie
576 1597 624 1671 qui
646 1597 774 1668 audiunt,
795 1597 937 1672 pernicie·

150 1711 213 1750 eum
235 1702 284 1751 aut
304 1693 405 1751 inutile
425 1693 471 1763 eit,
490 1693 520 1749 id
544 1690 677 1772 [suetum]
702 1710 815 1769 eugeus,
838 1692 937 1749 odium

84 1829 86 1832 -
104 1799 280 1847 laetentur:
302 1790 357 1860 sin,
377 1790 454 1865 quod
475 1799 524 1847 aut
544 1790 574 1849 in
595 1790 685 1850 bonos
707 1787 805 1865 [vir0s‚
822 1790 882 1867 aut]
906 1788 937 1847 in

149 1904 200 1943 eos
228 1885 353 1960 inques
379 1886 499 1961 quisque
525 1885 643 1942 minime
668 1885 808 1956 debuerit,
833 1898 882 1943 aut
906 1884 936 1941 in

149 1981 372 2055 rempublicam
394 1991 454 2040 turn
475 1982 625 2053 excitetur,
646 1981 670 2038 si
691 2000 749 2039 non
773 1992 830 2039 tarn
859 1998 937 2039 acer-

149 2076 218 2134 bum
245 2077 353 2148 odium,
373 2088 470 2136 temen
497 2089 546 2137 eut
573 2078 687 2135 invidioe
715 2086 763 2139 eut
789 2075 849 2133 odii
876 2093 937 2133 non

149 2172 296 2229 dissimilis
315 2173 443 2231 offensio.
484 2174 558 2231 Item
579 2174 662 2232 timor
683 2164 821 2231 indutitur
839 2182 887 2229 aut
900 2192 936 2231 ex

102 2280 133 2329 20
149 2269 274 2343 ipsorum
288 2269 434 2344 perieulis,
450 2281 498 2326 aut
512 2288 547 2327 ex
562 2271 770 2327 communibus.
811 2268 936 2327 Interior

148 2376 191 2422 est
206 2365 253 2421 ille
267 2365 415 2440 proprius?
439 2366 490 2423 sed
512 2366 561 2423 hie
581 2376 695 2440 quoque
716 2366 878 2423 eommunis
900 2366 936 2423 ad

148 2460 270 2517 eandem
290 2460 507 2520 similitudinem
527 2472 571 2519 est
590 2461 818 2537 perdueenduu.·

187 2651 250 2711 LII.
281 2653 337 2711 Per
365 2662 449 2729 etque
476 2673 534 2712 una
559 2654 633 2712 ratio
655 2662 699 2711 est
722 2654 793 2730 spei,
818 2654 935 2725 letitiae,

148 2748 303 2807 molestie:
325 2751 376 2807 sed
396 2750 473 2808 haud
492 2750 592 2820 seiam,
615 2769 650 2808 en
672 2750 828 2809 acerrimus
848 2750 935 2827 longe

100 2858 133 2909 25
148 2845 186 2903 sit
208 2846 336 2905 omnium
359 2857 453 2907 motus
476 2847 607 2917 invidiae3
634 2866 689 2905 nee
712 2846 807 2905 minus
831 2846 935 2905 virium

148 2959 220 3018 opus
233 2943 270 3001 sit
284 2943 314 3001 in
328 2944 363 3001 ed
377 2943 602 3020 comprimendi,
617 2960 702 3018 quarn
723 2943 753 3001 in
771 2943 934 3001 excitandi.

144 3038 282 3103 Invident
306 3054 404 3103 ¹eutem
431 3040 561 3099 hemines
587 3039 711 3101 maxime
736 3040 863 3115 paribus,
886 3048 937 3102 aut
