2109 3417
116 295 201 356 nu]
399 294 443 342 rm
465 293 628 340 onaronu.
893 281 951 343 128

117 446 197 503 volet
215 463 349 522 magnam
369 445 513 519 quandam
534 453 623 502 artem
643 460 705 502 eoae
725 441 833 514 dioere,
846 459 906 500 uon

117 542 296 618 repugnabo.
345 540 460 599 Etenim
487 557 555 596 eum
581 538 709 615 plerique
736 549 843 597 temere
870 556 906 595 ao

118 637 201 696 nulli
226 637 338 694 ratione
363 655 466 693 causas
493 635 522 692 in
550 635 613 692 soro
640 635 747 705 dicant,
775 634 905 691 nonnulli

120 745 217 791 antem
237 743 351 809 propter
371 732 614 803 exercitationem,
637 741 684 788 aut
703 742 817 806 propter
839 750 906 789 oon·

120 829 304 887 suetudinem
332 829 464 903 aliquam,
487 827 618 885 callidius
642 827 671 884 id
695 827 818 898 saoiant;
847 836 936 884 nono

120 936 167 982 est
193 925 320 996 dubium,
343 925 421 999 quin,
442 924 467 980 ai
486 924 550 998 quia
577 923 816 995 animadverterit,
836 923 905 998 quid

120 1022 169 1092 ait,
184 1039 271 1096 quare
292 1020 340 1078 alii
361 1021 464 1078 melius
481 1039 566 1096 quam
587 1019 635 1076 alii
651 1019 758 1091 dicant,
774 1019 801 1076 id
815 1019 906 1095 possit

120 1127 232 1175 notare.
273 1115 352 1192 Ergo
366 1115 395 1172 id
408 1115 457 1190 qui
475 1125 535 1172 toto
549 1114 578 1172 in
592 1115 827 1192 genereieoerit,
842 1114 905 1172 issi

121 1231 181 1270 non
200 1213 286 1287 plane
305 1223 404 1282 artem,
426 1222 455 1269 at
473 1211 554 1287 quasi
576 1221 664 1268 artem
692 1211 843 1287 quandam,
865 1211 906 1270 in·

122 1309 241 1368 venerit
294 1308 391 1383 Atque
420 1308 539 1378 utinam,
566 1318 598 1364 ut
625 1307 696 1365 mihi
728 1307 778 1366 illa
810 1307 905 1364 videre
920 1317 952 1368 10

123 1405 222 1462 videor
241 1405 272 1463 in
292 1405 353 1463 loro
373 1414 457 1480 atque
477 1404 508 1461 in
528 1404 633 1475 causis,
649 1403 688 1460 ita
708 1422 795 1474 nuno,
809 1422 906 1479 quem-

123 1502 278 1559 admodum
311 1519 347 1558 ea
377 1500 578 1577 reperirentur,
604 1517 717 1576 possem
750 1499 830 1558 robis
860 1519 906 1558 er·

121 1598 245 1674 ponere!
327 1600 330 1604 ’

164 1694 223 1751 Sed
240 1693 279 1752 de
298 1711 344 1752 me
362 1693 477 1752 videro:
497 1712 578 1751 nuno
597 1693 652 1753 hoo
671 1709 809 1768 propono,
830 1691 905 1767 quod

122 1789 195 1848 milri
215 1790 353 1866 persuasi,
367 1789 495 1865 quamvis
517 1808 563 1846 ars
583 1807 642 1846 non
664 1789 709 1860 sit,
723 1798 819 1846 tamen
832 1787 904 1845 nihil
921 1785 953 1835 15

120 1904 187 1943 esse
200 1885 327 1961 perfeeto
339 1897 450 1944 oratore
463 1885 635 1961 praeolarius.
676 1883 706 1941 N
709 1903 764 1956 am,
778 1894 809 1941 ut
823 1903 904 1941 usum

120 1982 241 2040 dicendi
261 1982 399 2053 omittam,
420 1982 469 2058 qui
491 1981 521 2038 in
543 1980 621 2037 omni
642 1981 744 2056 paoatd
766 1990 795 2038 et
815 1979 906 2038 libert

121 2079 240 2136 civitate
261 2079 433 2149 dominatur,
452 2087 531 2136 tanta
553 2077 707 2136 oblectatio
728 2087 772 2134 eat
792 2077 822 2134 iu
844 2076 905 2152 ipat

121 2175 260 2234 facultate
280 2174 406 2244 dioendi,
421 2184 452 2232 ut
464 2173 536 2232 nihil
556 2173 703 2232 hominum
725 2183 772 2232 aut
791 2173 906 2231 auribus

122 2281 174 2328 aut
199 2271 343 2329 mentibus
371 2271 527 2347 jucundius
558 2270 667 2346 peroipi
694 2270 790 2346 possit.
842 2269 904 2331 Qui
920 2270 952 2320 2⁰

121 2367 201 2424 enim
222 2377 324 2425 cantus
344 2367 496 2424 moderate
515 2366 652 2424 orationis
675 2366 905 2442 pronuntiatione

122 2463 235 2520 dulcior
248 2462 371 2520 inveniri
383 2465 496 2539 potestl
517 2462 593 2537 quod
615 2481 730 2520 carmen
752 2462 904 2520 artificiosi

121 2558 274 2616 verborum
295 2558 479 2640 oonolueioue
500 2558 612 2635 aptiust
632 2559 681 2632 qui
703 2568 782 2616 aotor
798 2557 828 2614 in
842 2557 905 2615 imi·

121 2654 220 2726 tandi,
237 2673 322 2728 quam
343 2665 438 2712 orator
459 2654 489 2712 in
510 2654 703 2731 suscipiendi,
724 2654 842 2712 veritate
861 2653 905 2730 ja·

121 2749 264 2807 eundiorl
309 2748 392 2810 Quid
419 2759 513 2806 autem
540 2748 680 2819 subtilius,
702 2765 786 2822 quam
814 2759 903 2806 acuta
919 2753 951 2804 25
1053 2735 1054 2740 ¹

97 2845 288 2920 ,crebraeque
306 2845 475 2904 sententiat
502 2845 571 2920 quid
594 2842 797 2912 admirabilius,
819 2863 903 2918 quam
935 2897 938 2900 .

121 2960 169 3002 res
182 2941 333 3017 splendore
354 2942 494 3000 illustrata
508 2941 679 2998 verboruml
700 2940 765 3014 quid
780 2939 902 3014 plenius,

120 3055 208 3114 qnam
239 3035 318 3097 omni
350 3055 446 3096 rerum
478 3053 584 3114 genere
617 3035 763 3094 cumulata
792 3035 903 3094 oratiol
