2109 3417
103 305 186 365 nrt]
388 305 431 351 nu
454 303 616 350 oratoru.
884 290 939 352 rut

105 453 228 530 magnis,
256 461 317 510 tum
349 453 502 510 scribendo
534 453 658 510 maxime
691 463 892 528 persequatur:

104 551 184 626 quod
204 549 229 608 si
249 550 298 608 hio
318 561 414 608 noster
435 549 581 625 Sulpicius
595 549 712 620 moeret,
727 549 817 606 multo
831 549 893 625 ejus

106 646 201 703 oratio
220 656 295 703 esset
314 646 455 722 premium
477 647 506 703 in
523 647 580 720 qut
595 664 674 703 nune
687 645 830 704 interdum
847 645 893 722 (ut

106 741 137 798 in
159 740 255 797 herbis
273 739 374 797 rustici
395 739 489 797 solent
508 740 619 817 dicere)
635 740 664 797 in
686 741 796 797 summi
811 740 893 798 uber·

106 846 166 894 tate
179 836 254 894 ineat
267 836 393 893 luxuries
403 836 544 911 quaedam,
556 855 619 910 quae
631 836 699 893 stilo
713 835 894 912 depascenda
921 843 938 892 5

106 942 159 990 est.
208 932 268 990 Hic
288 931 444 1007 Sulpicius,
465 931 516 988 Me
543 932 669 1006 quidem,
690 931 792 1006 inquit,
812 942 892 989 reete

105 1047 223 1097 monem
244 1028 331 1102 idque
350 1027 421 1084 mihi
441 1038 553 1105 gratum
574 1039 633 1084 est:
655 1028 705 1086 aed
726 1047 763 1086 ne
782 1009 818 1085 te'
832 1027 893 1104 qui·

106 1124 182 1194 dem,
195 1124 316 1197 Antoni,
328 1124 447 1181 multum
458 1125 635 1200 scriptitasse
645 1125 773 1184 arbitror.
814 1125 894 1182 Tum

106 1221 166 1291 ille,
179 1221 275 1283 Quasi
295 1240 372 1292 vero,
387 1221 488 1296 inquit,
503 1240 562 1278 non
583 1240 618 1278 ea
636 1222 800 1297 precipiam
820 1222 891 1293 aliia,

105 1337 171 1392 quae
198 1317 268 1375 mihi
294 1317 349 1394 ipsi
377 1317 487 1375 desint:
522 1318 572 1375 sed
599 1328 694 1376 tamen
719 1337 755 1376 ue
781 1319 937 1378 tabulario

106 1413 223 1489 quidem
243 1415 386 1472 conficere
406 1415 561 1472 existimor.
611 1415 720 1473 Verum
740 1415 811 1473 etin
826 1415 892 1488 hoc,
928 1453 934 1470 ι

106 1528 143 1567 ex
156 1529 187 1566 re
203 1510 334 1568 familiari
355 1511 430 1579 meri,
444 1521 473 1568 et
494 1511 524 1568 in
545 1510 604 1582 illo,
619 1531 654 1568 ex
670 1512 795 1586 eoquod
816 1511 892 1583 diuo,

106 1607 276 1681 quantulum
296 1607 326 1664 id
346 1626 470 1681 cumque
490 1617 543 1678 eat,
558 1607 626 1682 quid
641 1607 755 1676 faciam,
767 1607 892 1683 judicari

105 1714 209 1780 potest.
250 1704 348 1777 Atque
367 1722 431 1760 esse
450 1714 546 1761 tumen
567 1703 672 1760 multos
690 1703 828 1774 videmus,
843 1703 890 1778 qui

106 1799 253 1856 nemiuem
286 1799 442 1870 imitentur,
476 1810 505 1857 et
538 1800 639 1875 eufipte
671 1799 783 1870 naturit,
817 1799 891 1874 quod
906 1812 936 1860 15

106 1895 205 1966 velint,
226 1896 289 1952 uiue
310 1896 476 1971 cujusquam
497 1896 695 1967 similitudine,
716 1913 893 1970 consequan-

105 2002 170 2060 tur;
192 1992 267 2065 quod
288 1992 365 2048 etin
385 1992 463 2048 vobis
484 1992 670 2050 animadverti
691 2001 769 2049 recte
789 2002 891 2070 potest,

3 2112 4 2161 ι
106 2087 216 2158 Caesar,
237 2099 266 2145 et
286 2088 389 2157 Cotta3
414 2107 535 2164 quorum
557 2088 626 2145 ulter
648 2089 812 2145 inusitatum
833 2089 894 2164 qui·

106 2184 174 2240 dem
207 2184 312 2241 nostrie
343 2185 503 2242 oratoribus
537 2183 661 2260 leporem
696 2184 838 2258 quendam
865 2193 894 2240 et

107 2280 207 2351 saleru,
235 2280 305 2337 alter
333 2280 529 2337 acutissimum
558 2290 586 2336 et
614 2281 828 2338 subtilissimum
853 2281 938 2337 ‹ti-uo

106 2377 195 2434 uendi
209 2395 310 2452 genua,
324 2386 368 2433 est
382 2388 563 2433 oonseuutus.
605 2376 708 2451 Neque
721 2395 787 2435 vero
801 2387 893 2434 vester
928 2417 934 2428 ,.

107 2471 226 2546 oequaiia
251 2472 341 2529 Curio
368 2471 471 2548 (patre,
498 2473 563 2528 meri
591 2473 742 2543 sententia,
766 2473 808 2529 vei
837 2471 894 2530 elo·

106 2568 295 2644 quentissimo
321 2568 496 2644 temporibus
522 2568 592 2648 illis)
623 2587 793 2643 quemquam
823 2570 892 2627 mihi

107 2681 283 2741 magnopere
296 2664 407 2722 ridetur
426 2664 547 2735 imitari;
569 2665 618 2740 qui
632 2674 728 2722 tamen
743 2667 892 2723 verborum

107 2760 258 2838 gravitate,
270 2770 300 2818 et
320 2761 472 2838 negantii,
488 2771 517 2819 et
537 2762 630 2837 cupiri,
650 2781 730 2819 suam
751 2763 893 2837 quandum
906 2763 938 2814 25

107 2858 248 2932 expressit
280 2857 362 2932 quari
396 2858 515 2915 formum
549 2858 726 2934 figuramque
758 2859 893 2916 diuendi:

3 3032 4 3043 ἵ
107 2955 184 3029 quod
205 2973 261 3031 ego
280 2955 404 3012 maxime
422 2954 503 3030 potui
527 2953 658 3030 judicare
678 2955 707 3012 in
732 2955 773 3011 ei·
795 2955 892 3024 uruat,

105 3070 193 3127 quam
220 3051 269 3110 iile
295 3061 397 3110 eontra
428 3070 475 3108 me
508 3040 585 3127 apud
617 3051 809 3108 centumviros
841 3065 893 3124 pro

348 3147 410 3207 13‘
