2109 3417
111 284 151 343 80
431 292 474 339 nn
497 291 659 338 ommno.
871 292 909 351 [n.
920 293 947 337 1.¹

172 478 174 483 .
220 442 236 469 “
245 440 353 487 luorum
363 454 446 487 rerum
457 441 560 488 incerti:
576 456 637 503 qnos
647 455 695 503 ego
705 439 761 487 med
773 453 819 501 ope
830 454 862 487 ex

243 519 348 567 Incertis
359 526 447 583 certos,
458 527 631 582 compotesque
642 520 740 581 consili,

243 600 357 663 Dimitte,
369 607 397 649 ut
408 616 439 649 ne
450 616 489 648 res
500 606 593 649 temere
605 606 711 648 tractent
721 600 858 647 turbidas.”

157 734 209 791 Est
228 735 304 792 enim
325 734 386 791 sine
407 735 494 791 dubio
515 734 617 791 domos
634 733 831 810 jurisconsulti
852 733 941 790 totius

124 838 141 886 5
157 831 304 889 oraculum
320 832 450 888 civitatis.
491 831 590 889 Testis
602 841 646 887 est
660 830 779 906 hujusce
792 830 832 891 Q.
845 828 940 887 Mucii

154 928 242 1004 janua
262 939 290 985 et
310 928 490 997 vestibulum,
505 928 592 1001 quod,
614 927 643 987 in
664 927 725 1001 ejus
745 926 940 984 infirmissimi

156 1024 328 1094 valetudine,
345 1024 502 1097 affectique
520 1024 579 1099 jam
601 1033 692 1094 etate,
707 1022 829 1079 maximi
847 1022 940 1097 quoti·

156 1122 203 1177 die
220 1120 382 1203 'frequentid
404 1120 519 1193 civium,
539 1138 573 1177 ac
593 1138 768 1177 summorum
789 1119 937 1177 hominum

155 1218 315 1291 splendore,
331 1218 498 1275 celebratur.

108 1412 139 1483 10
194 1408 301 1465 XLVI.
323 1408 387 1465 Jam
408 1426 474 1465 vero
495 1406 543 1464 illn
562 1426 621 1464 non
641 1407 755 1483 longam
777 1407 936 1464 orationem

154 1504 326 1575 desiderant,
348 1504 532 1579 quamobrem
552 1504 709 1560 existimem
732 1504 847 1578 publico
867 1522 936 1578 qno-

154 1619 209 1676 que
226 1601 299 1677 jura,
315 1620 377 1675 quae
398 1609 464 1657 sunt
483 1600 598 1675 propria
614 1599 736 1655 civitatis
751 1609 834 1673 atque
847 1600 936 1675 impe·-

154 1698 199 1768 rii,
214 1708 275 1755 tum
290 1707 474 1754 monumenta
487 1714 581 1752 rerum
603 1705 756 1772 gestarum,
771 1705 799 1751 et
815 1706 936 1753 vetusta·

153 1794 190 1851 tis
204 1794 342 1869 exemplu,
358 1794 462 1850 oratori
483 1802 552 1849 noto
571 1810 634 1848 esse
647 1792 760 1847 debere.
801 1790 877 1848 Nam
893 1802 934 1864 ut,

107 1896 138 1945 15
155 1891 184 1948 in
204 1910 297 1947 rerum
317 1890 488 1965 privatarum
510 1889 605 1947 causis
626 1899 710 1961 etque
733 1887 859 1963 judiciis,
887 1889 936 1945 de·

152 1988 309 2061 promenda
329 2004 404 2061 saepe
424 1986 515 2043 oratio
535 1994 579 2040 est
598 2002 634 2040 ex
651 1984 716 2059 jure
735 1983 822 2055 civili,
843 1995 872 2041 et
892 1985 935 2041 id-

153 2080 232 2136 circo
263 2079 308 2155 (ut
337 2090 401 2135 ante
427 2079 564 2158 diximus)
599 2077 705 2134 oratori
735 2077 808 2153 juris
840 2079 935 2137 civilis

153 2174 275 2231 scientia
294 2174 456 2231 necessaria
476 2184 535 2242 est3
563 2173 615 2244 sic,
636 2174 666 2230 in
691 2173 785 2230 causis
811 2162 934 2249 publicis

150 2270 332 2347 judiciorum,
353 2270 537 2340 concionum,
559 2269 684 2340 senatus,
705 2270 799 2326 omnis
823 2270 885 2327 haec
904 2282 935 2328 et

105 2375 137 2426 20
154 2366 329 2441 antiquitatis
348 2366 495 2436 memoria,
510 2376 538 2422 et
551 2365 659 2441 publici
679 2365 752 2441 juris
768 2366 933 2439 auotoritas,

152 2473 181 2519 et
194 2464 326 2540 regendae
340 2461 503 2537 reipublice
516 2462 590 2518 ratio
604 2479 639 2517 ac
652 2461 784 2531 scientia,
797 2471 934 2536 tanquam

153 2558 209 2616 ulio
235 2558 377 2629 materies,
401 2558 436 2614 iis
461 2558 639 2628 oratoribus·
653 2557 701 2632 qni
729 2571 875 2614 versantur
902 2559 933 2616 iu

151 2654 309 2730 republiod‚
336 2654 464 2730 subjecta
491 2672 553 2711 esse
587 2654 699 2711 debent.
753 2652 822 2710 Nou
855 2656 932 2711 enim

91 2808 101 2835 ¹
152 2750 330 2809 causidicum
350 2750 449 2807 nescio
470 2768 564 2824 quem,
585 2768 678 2824 neque
697 2750 931 2824 proclamatorem

105 2862 137 2913 ω
153 2857 201 2906 cut
220 2847 357 2919 rabulam,
379 2849 434 2904 hoc
455 2861 587 2903 sermone
606 2856 704 2903 nostro
727 2846 930 2921 conquirimus,

153 2944 202 3002 sed
235 2962 301 3001 eum
332 2945 432 3014 virum,
460 2942 509 3017 qni
543 2942 666 3018 primum
698 2942 735 2999 sit
767 2942 830 3018 ejus
863 2941 931 2998 ortis

153 3040 280 3113 antistes,
295 3040 376 3116 cujus
389 3058 456 3097 cum
477 3038 539 3115 ipso
558 3048 658 3095 natum
675 3055 806 3113 magnam
821 3035 932 3105 homiui
