2109 3417
122 328 216 389 um]
405 327 450 376 nn
471 325 636 376 oasnonn.
829 289 831 294 Χ
902 317 959 377 ltu

178 476 252 538 Qua,
271 490 345 525 nemo
360 482 401 525 est
420 483 473 526 tam
489 477 561 526 firmo
583 476 695 541 ingenio,
708 479 738 530 ,et
750 475 820 524 tanti
837 486 914 522 conn-

248 558 341 618 dentid,

178 637 249 695 Quin
275 637 382 702 refugiat
408 638 496 686 timido
522 652 646 702 sanguen,
672 643 745 700 atque
772 636 914 685 exalbescat

247 717 383 766 metn”...

122 830 214 888 Aliud
228 832 287 893 vis:
308 844 487 906 contentum,
498 833 662 906 vehemens,
677 833 831 891 imminens
845 832 913 908 qud·

122 925 189 984 dam
203 928 372 987 incitatione
385 930 532 1008 gravitatis
545 949 551 988 :

152 1053 274 1104 “Iterum
284 1056 409 1121 'l'byestes
420 1059 526 1106 Atreum
537 1064 671 1108 attractum
682 1059 783 1108 advenit
789 1073 796 1118 ;
926 1055 942 1104 5

176 1135 273 1184 lissum
279 1138 333 1200 Jam
343 1138 489 1202 aggreditur
499 1154 549 1200 me,
560 1146 586 1187 et
597 1140 708 1200 quietum
720 1140 865 1188 exsuscitat.

176 1215 259 1280 Major
269 1216 330 1264 mihi
342 1217 429 1278 moles,
439 1218 520 1280 majus
531 1217 687 1266 miscendum
700 1220 731 1266 'st
741 1220 844 1281 malum,

177 1294 228 1352 Qui
241 1296 308 1343 illius
318 1295 435 1344 acerbum
446 1312 488 1344 cor
499 1297 651 1344 contundam
662 1303 688 1344 et
699 1299 885 1360 comprimam.'’

123 1409 214 1467 Aliud
235 1410 380 1485 voluptas:
401 1411 535 1482 effosum,
552 1411 628 1482 lene,
648 1420 789 1483 tenerum,
811 1413 912 1472 hilara·
937 1435 939 1446 ¹

122 1515 185 1564 tum
199 1525 234 1564 ac
246 1508 414 1564 remissum:
927 1527 958 1576 10

153 1639 170 1667 “
179 1635 230 1684 Sed
241 1636 304 1685 mibi
314 1651 374 1685 cam
384 1637 476 1685 detulit
486 1651 603 1686 coronam
614 1637 645 1686 ob
658 1636 836 1701 [collocandus]
850 1652 913 1701 nup-

176 1797 234 1846 'libi
245 1724 348 1858 ftdzbat,
358 1814 417 1848 cum
427 1799 562 1848 simulabat
571 1815 625 1848 sese
634 1799 707 1848 alteri
718 1798 790 1854 dare:

176 1877 243 1929 Tum
254 1878 285 1925 ad
296 1884 320 1927 te
331 1878 468 1926 ludibunda
479 1878 550 1927 docte
562 1886 588 1927 et
598 1879 702 1927 delicate
714 1877 830 1954 detulit&

122 1997 213 2056 Aliud
225 1997 373 2055 molestia:
392 1998 455 2055 sine
470 1999 820 2074 commiseratione-grave
833 1997 913 2074 quid·

122 2095 199 2165 dam,
213 2107 243 2152 et
256 2113 316 2152 nno
328 2113 440 2171 pressu,
455 2113 490 2152 ao
503 2113 576 2152 sono
590 2096 764 2152 obductum:
928 2112 959 2164 15

152 2210 169 2239 “
179 2207 238 2266 Qut
263 2213 412 2270 tempestate
438 2207 509 2256 Paris
540 2207 665 2255 Helenam
690 2206 804 2270 innuptis
828 2209 914 2272 junxit

246 2288 350 2350 nuptiis,

178 2367 233 2432 Ego
249 2374 305 2416 tum
326 2369 437 2432 gravida,
452 2369 558 2432 expletis
571 2369 624 2432 jam
640 2368 691 2416 fere
714 2368 745 2415 ad
767 2369 914 2432 pariendum

247 2449 390 2497 mensibus:

176 2527 224 2577 Per
235 2529 302 2577 idem
313 2535 411 2593 tempus
427 2529 580 2594 Polydorum
591 2527 696 2577 Hecuba
707 2535 778 2592 partu
790 2536 914 2593 postremo

246 2608 336 2672 siu

158 2787 243 2846 LIX.
277 2786 389 2844 Omnes
403 2798 497 2846 autem
512 2788 565 2846 bos
577 2799 671 2846 motus
681 2789 815 2864 subsequi
825 2789 913 2846 debet
962 2814 964 2819 ·

115 2894 229 2964 gestus,
247 2902 307 2941 non
328 2883 376 2941 bic
396 2885 484 2943 verba
503 2885 676 2960 exprimens,
697 2885 840 2956 scenicus,
862 2884 956 2942 sed'to

121 2981 283 3040 universam
292 2999 352 3038 rem
361 2991 391 3040 et
401 2982 583 3052 sententiam,
592 2999 650 3039 non
659 2980 911 3052 demonstratione,

119 3078 174 3139 set
192 3071 408 3160 significatione
433 3073 594 3152 declarans,
615 3079 737 3138 laterum
757 3075 913 3137 inflexione

360 3177 397 3236 15
408 3175 425 3212 *
