2109 3417
120 265 205 330 nnn
408 263 451 319 un
472 272 636 320 onerosa.
903 265 958 324 139

121 417 261 475 inimicus
280 413 333 478 tibi
353 429 412 489 est.;
434 437 500 477 oum
522 431 571 478 aut
591 421 738 480 docendus
752 419 780 478 is
792 427 845 492 est,
865 431 914 480 aut

122 514 328 588 dedocendus,·
350 527 398 573 aut
428 518 635 592 reprimendus,
664 527 712 575 aut
740 517 913 591 incitandus,

42 604 44 608 ’
125 620 175 667 aut
189 612 268 668 omui
282 614 393 670 ratione
408 612 443 670 ad
456 623 580 688 tempus,
596 615 631 671 ad
646 614 914 686 oausam‚oratioue

123 707 333 765 moderandus:
345 709 390 787 (in
401 727 459 784 quo
469 726 545 785 saepe
555 711 752 768 benevolentia
761 710 911 783 modium,

124 803 224 861 odium
253 815 347 862 auteur
379 806 415 862 ad
450 806 679 863 benevolentiam
712 807 944 866 deducendum5

125 911 171 956 est
181 902 202 979 z)
218 901 275 975 qui,
290 911 425 976 tanquam
446 902 662 960 machinatione
678 903 782 978 alique,
797 913 856 961 turn
878 902 913 960 ad

124 997 317 1068 severitatem,
331 1008 393 1054 tum
415 998 450 1055 ad
470 998 666 1056 remissionem
688 998 785 1070 animi,
800 1007 860 1055 turn
878 998 913 1056 ad

124 1092 281 1165 tristitiam,
301 1103 363 1150 tum
384 1093 420 1150 ad
443 1081 580 1165 laetitiam,
602 1103 645 1152 est
672 1095 913 1170 contorquendus.

125 1187 266 1245 Omnium
286 1189 492 1246 sententiarum
511 1191 659 1267 gravitate,
674 1191 802 1248 omnium
815 1192 915 1249 verbo-

125 1303 191 1342 rum
205 1285 389 1360 ponderibus,
404 1296 448 1342 est
462 1287 608 1343 utendum.
650 1287 782 1346 Aoeedat
801 1298 914 1363 oportet
930 1299 961 1350 10

127 1381 206 1438 aotio
226 1381 312 1454 varia,
333 1382 497 1461 vehemens,
511 1383 597 1459 plena
618 1383 716 1454 animi,
729 1383 815 1458 plena
833 1383 915 1460 apiri-

126 1477 184 1548 tirs,
199 1478 284 1553 plena
303 1479 419 1549 doloris,
433 1478 519 1554 plena
539 1479 672 1536 veritatis.
714 1478 748 1536 In
765 1479 809 1536 his
822 1479 913 1556 operi·

126 1573 183 1630 bus
209 1574 232 1630 si
260 1574 324 1648 quis
355 1574 432 1631 illam
466 1585 555 1646 artem
588 1573 844 1649 comprehenderit,
872 1585 913 1646 ut,

126 1680 263 1744 tanquam
283 1670 410 1742 Phidias,
426 1669 564 1728 Minervae
585 1670 698 1746 signum
719 1670 833 1727 efficere
851 1689 915 1746 pos·

127 1766 182 1836 sit;
206 1785 364 1839 musano,
385 1766 625 1841 quemadmodum
653 1765 682 1823 iu
711 1765 811 1841 clypeo
839 1766 961 1828 idem15

128 1864 178 1923 ille
205 1865 305 1923 artifex
337 1866 449 1924 minora
481 1865 531 1923 illa
564 1883 652 1941 opera
684 1864 779 1922 fauere
812 1864 914 1936 diseat,

127 1961 277 2020 laborabit.

167 2157 282 2214 XVIII.
314 2156 393 2214 Turn
420 2157 558 2215 Catulus:
585 2156 656 2218 Quo
677 2157 731 2214 ista
750 2155 859 2233 majora
880 2173 915 2213 ao

129 2253 307 2311 mirabiliora
337 2253 441 2325 fecisti,
469 2271 505 2312 eo
538 2271 584 2310 me
617 2253 707 2330 major
740 2253 915 2328 exspectatio

117 2360 218 2421 ¹tenet,
233 2349 404 2424 quibusnam
424 2348 594 2420 rationibus,
609 2349 747 2424 quibusve
767 2347 915 2424 praeceptis
929 2359 962 2410 20

130 2451 166 2506 ea'
184 2457 265 2505 tauta
277 2447 320 2505 ris
340 2436 536 2523 eomparetur:
561 2465 619 2504 non
640 2459 697 2523 quo
717 2465 781 2504 mea
801 2446 916 2522 quidem

128 2543 187 2620 jam
208 2544 319 2602 intersit
340 2534 447 2620 (neque
467 2543 545 2601 enirn
559 2553 628 2620 aetas
641 2543 670 2601 id
685 2561 749 2601 mea
762 2543 914 2613 desiderat,

130 2649 160 2698 et
187 2637 265 2699 aliud
291 2640 435 2715 quoddam
464 2658 556 2717 genus
588 2639 705 2698 dicendi
738 2658 790 2699 uos
823 2639 916 2697 reouti

130 2722 243 2808 sumus,¹
265 2735 315 2811 qui
345 2752 492 2820 nunquam
525 2737 684 2795 sententias
716 2735 752 2792 de
784 2723 924 2793 menibus

128 2833 260 2911 judicum
292 2831 320 2890 ri
347 2832 471 2907 quedam
503 2831 642 2890 orationis
675 2832 854 2903 extorsimus,
882 2849 916 2889 ae
929 2833 986 2883 25·

129 2928 226 3006 potius
245 2928 366 3004 placatis
386 2946 485 2985 eorum
506 2927 618 3002 animis,
639 2937 760 3000 tantum,
779 2931 916 3001 quantum

132 3025 186 3103 ipsi
199 3024 390 3104 patiebantur,
403 3023 579 3103 incoepimus)
590 3044 597 3096 3
619 3023 669 3082 sed
680 3033 775 3082 tamen
790 3022 844 3079 ista
856 3028 915 3092 tua,
