2109 3417
95 258 136 318 to
417 267 459 315 ns
482 266 647 315 onerosa.
855 265 896 326 [ι.
906 262 927 311 1.

140 412 219 474 illins
246 415 409 475 inventores
429 425 458 473 et
476 416 623 491 principes
650 414 738 471 fuisse
765 424 926 471 constaret:

140 512 390 587 eloquentissimos
425 523 518 570 autem
547 513 687 582 homines,
715 511 763 586 qui
791 512 845 567 ista
871 528 927 567 nec

142 608 320 677 didicissent,
334 628 389 665 nec
404 611 521 665 omnino
536 609 610 665 scire
625 610 782 679 curassent,
797 608 927 664 innume·

141 692 246 762 rabiies
267 705 403 779 quosdam
431 704 614 761 nominabat:
642 704 672 760 in
699 704 802 777 quibus
828 703 925 772 etiam,

111 800 216 877 bisiae
237 802 285 857 iile
307 801 437 871 irridens,
459 800 517 857 sive
538 799 614 874 quod
635 801 676 857 ita
697 809 819 874 putaret,
841 809 926 873 atque

142 896 183 953 ita
203 896 352 974 audisset)
373 916 420 952 me
441 897 470 953 in
492 896 541 952 illo
562 914 693 966 numero,
714 894 840 969 quiilia
865 909 924 951 non

141 992 317 1063 didicissem,
338 1003 367 1049 et
395 1003 490 1049 tamen
513 991 558 1068 (ut
579 993 640 1067 ipse
660 992 789 1069 dicebat)
811 1008 925 1066 possem

138 1089 248 1163 aliquid
276 1088 305 1145 in
333 1088 465 1159 dicendo,
492 1089 661 1164 proferebat.
714 1088 850 1149 Quorum
881 1085 923 1143 iiii

143 1185 262 1241 alterum
286 1185 370 1241 faciie
395 1186 580 1252 assentiebar,
605 1185 676 1240 nihii
700 1202 746 1240 me
772 1184 923 1252 didicisse3

96 1290 126 1339 1⁰
142 1280 171 1336 in
200 1281 289 1337 altero
317 1292 410 1338 autem
437 1300 484 1339 me
519 1280 599 1338 illudi
627 1282 663 1337 ab
690 1300 734 1350 eo,
763 1290 811 1336 aut
838 1280 925 1337 etiam

100 1418 103 1423 ·
141 1376 234 1451 ipsum
260 1396 355 1434 errare
390 1378 554 1435 arbitrabar.
616 1379 717 1434 Artem
744 1395 812 1433 vero
838 1394 924 1452 nega·

141 1473 189 1530 bat
212 1492 279 1530 esse
306 1474 402 1545 ullam,
424 1474 479 1531 nisi
507 1494 569 1548 quae
596 1474 730 1549 cognitis,
753 1474 925 1549 penitusque

140 1570 305 1645 perspectis,
326 1581 355 1627 et
376 1570 405 1627 in
426 1588 514 1627 unum
542 1570 649 1626 exitum
669 1570 874 1645 spectantibus,
895 1579 925 1625 et

140 1683 286 1741 nunquam
311 1666 474 1723 fallentibus
498 1667 584 1723 rebus
608 1666 809 1723 contineretur.
851 1665 925 1721 Haec

95 1764 126 1815 15
144 1772 237 1821 autem
265 1762 370 1833 omnia,
392 1782 454 1837 quae
481 1772 671 1820 tractarentur
692 1763 727 1819 ab
753 1761 924 1831 oratoribus,

142 1858 230 1917 dubia
248 1878 312 1916 esse
331 1869 360 1915 et
376 1857 488 1915 incerta
497 1878 504 1928 ;
527 1876 593 1915 cum
607 1868 637 1914 et
650 1858 813 1914 dicerentur
829 1858 864 1914 ab
878 1856 923 1927 irs,

142 1955 190 2030 qui
211 1973 246 2012 ea
264 1955 360 2011 omnia
380 1973 436 2012 non
457 1954 542 2029 plane
561 1962 701 2025 tenerent,
716 1963 745 2009 et
759 1954 924 2010 audirentur

143 2052 178 2107 ab
198 2050 243 2121 iis,
263 2052 367 2125 quibus
390 2068 447 2108 non
468 2050 591 2107 scientia
610 2061 684 2107 esset
704 2050 852 2119 tradenda,
872 2050 923 2107 sed

141 2146 237 2221 exigui
264 2147 398 2220 temporis
426 2156 473 2203 aut
501 2146 579 2215 salsa,
608 2156 656 2203 aut
688 2156 767 2202 certe
799 2148 923 2203 obscura

91 2249 124 2298 20
141 2242 246 2316 opinio.
286 2242 367 2302 Quid
389 2242 497 2298 multat
517 2242 560 2297 sic
580 2242 650 2298 mihi
671 2253 731 2299 tum
752 2243 923 2317 persuadere

140 2338 297 2408 videbatur,
318 2354 410 2411 neque
432 2336 581 2393 artificium
602 2337 691 2393 ulium
712 2356 774 2393 esse
788 2337 922 2407 dicendi,

140 2451 233 2506 neque
260 2450 429 2507 quemquam
455 2450 548 2506 posse,
571 2433 627 2489 nisi
646 2433 703 2507 -qui
731 2434 788 2503 iiia,
817 2453 878 2507 que
907 2454 923 2491 a

140 2528 313 2585 doctissimis
333 2528 494 2585 hominibus
509 2528 539 2585 in
552 2529 733 2604 philosophici
749 2529 921 2601 dicerentur,

140 2624 303 2700 cogndsset,
325 2635 373 2681 aut
393 2625 496 2683 callide
518 2636 566 2683 sut
586 2626 703 2701 copiose
726 2627 831 2684 dicere,
886 2629 922 2685 In

91 2727 123 2777 23
139 2720 242 2795 quibus
275 2720 371 2777 dicere
408 2721 585 2780 Charmadas
620 2723 739 2792 solebat,
774 2724 921 2799 ingenium

139 2824 230 2886 tuum,
258 2815 372 2887 Crasse,
399 2818 583 2875 vehementer
616 2818 768 2889 admirans,
795 2838 842 2875 me
867 2819 920 2875 sibi

139 2911 304 2989 perfacilem
338 2912 368 2969 iu
403 2914 555 2985 audiendo,
583 2924 612 2970 te
645 2932 857 2991 perpugnacem
889 2913 920 2970 ia

141 3009 311 3086 disputando
324 3028 386 3065 esse
400 3010 499 3069 visum.

1046 2645 1051 2688 i
