2109 3417
90 252 127 310 12
409 264 452 311 ua
474 263 636 310 unaucurt
849 265 918 326 [na

398 366 401 390 l

131 411 228 486 plures
262 411 367 471 ceteris
400 412 508 470 artibus
541 411 689 484 inservire,
730 422 778 471 aut
810 413 919 491 majore

132 508 334 581 delectatione,
356 519 405 566 aut
428 529 478 584 spe
504 509 648 581 uberiore,
670 518 719 566 aut
737 510 861 586 praemiis
882 510 919 569 ad

131 604 352 679 perdiscendum
374 604 559 681 amplioribus
579 606 762 665 commoveri.
809 607 918 681 Atque,
967 666 970 671 ,

131 711 164 759 ut
187 702 317 759 omittam
344 703 581 779 Graeciamque
608 722 720 779 semper
746 702 919 778 eloquentiae

102 797 266 874 5princeps
286 817 349 856 esse
370 798 467 870 voluit,
484 809 567 875 atque
587 799 651 856 illas
670 799 799 857 omnium
814 798 919 857 doctri·

131 912 233 951 narum
260 894 433 952 inventrices
461 895 602 967 Athenas,
623 896 654 953 in
676 896 781 971 quibus
806 913 920 953 summa

132 989 248 1047 dicendi
268 991 311 1047 vis
334 1000 364 1048 et
386 991 503 1048 inventa
521 1002 566 1048 est
588 1001 617 1048 et
639 992 784 1067 perfecta:
811 992 842 1048 in
863 991 919 1049 bac

132 1085 195 1161 ipsa
215 1086 331 1144 civitate
351 1087 489 1162 profecto,
511 1088 591 1146 nulla
620 1107 747 1163 uuquam
768 1090 919 1147 vehemen-

7 1260 8 1263 ,
132 1183 199 1254 tius,
221 1202 305 1259 quam
325 1184 497 1259 eloquentiis
520 1185 616 1242 studia
638 1184 799 1262 viguerunt.
840 1184 918 1257 Nam

7 1278 8 1283 ’
88 1293 119 1342 10
132 1291 327 1355 posteaquam,
356 1280 475 1355 imperio
502 1281 631 1337 omnium
657 1282 786 1358 gentium
813 1282 919 1339 consti·

132 1386 205 1447 tuto,
220 1368 491 1451 diuturnitas'pacis
511 1377 602 1434 otium
623 1378 812 1450 confirmavit,
832 1396 918 1436 nemo

134 1471 193 1528 lere
207 1471 299 1529 laudis
313 1472 435 1547 cupidus
449 1474 618 1531 adolescens
630 1492 689 1531 non
703 1473 757 1530 sibi
772 1474 808 1532 ad
822 1474 919 1532 dicen·

132 1567 200 1625 dum
216 1569 311 1626 studio
324 1569 403 1625 omni
417 1570 585 1627 enitendum
599 1570 717 1646 putavit.
759 1571 806 1628 Ac
825 1571 918 1647 primo

132 1664 248 1739 quidem
269 1665 357 1723 totius
377 1666 497 1724 rationis
517 1666 620 1744 ignari,
636 1667 684 1742 qui
702 1685 797 1743 neque
810 1668 919 1726 exerci-

88 1774 118 1822 15
133 1760 250 1819 tationis
270 1763 357 1821 ullam
377 1762 462 1835 viam,
482 1782 576 1840 neque
604 1764 717 1840 aliquod
744 1776 917 1841 preceptum

133 1857 202 1916 artis
228 1878 291 1917 esse
319 1859 535 1934 arbitrarentur,
563 1871 684 1933 tantum,
712 1872 850 1936 quantum
877 1861 919 1918 in·

132 1957 220 2031 genio
242 1966 272 2014 et
295 1956 472 2033 cogitatione
497 1970 639 2033 poterant,
662 1959 916 2034 consequebantur.

132 2050 201 2108 Post
221 2062 327 2124 autem,
343 2053 447 2111 auditis
467 2055 629 2111 oratoribus
648 2054 767 2125 Graecis,
782 2053 918 2130 cognitis·

132 2166 188 2221 que
212 2165 312 2205 eorum
338 2148 439 2220 literis,
463 2150 654 2223 adhibitisque
676 2150 854 2229 ³doctoribus,
875 2149 918 2207 in·

86 2253 118 2302 20
133 2243 265 2301 credibili
285 2245 407 2319 quodam
428 2245 518 2301 nostri
540 2245 671 2302 homines
690 2246 807 2304 dicendi
821 2246 917 2304 studio

132 2338 331 2417 flagraverunt.
374 2341 527 2399 Excitabat
540 2361 591 2399 eos
605 2343 773 2419 magnitudo
786 2353 816 2399 et
828 2343 918 2401 varie·

103 2502 106 2511 ⁴
132 2446 186 2508 tas,
201 2436 409 2512 multitudoque
430 2438 460 2495 in
481 2438 560 2495 omui
580 2458 686 2516 genere
706 2458 867 2510 causarum,
886 2448 918 2497 ut

133 2532 169 2589 ad
195 2552 259 2590 eam
286 2533 458 2606 doctrinam,
483 2554 569 2610 quam
596 2554 649 2593 suo
675 2536 794 2611 quisque
821 2536 917 2594 studio

131 2640 281 2688 assecutus
301 2640 385 2702 esset,
402 2631 603 2708 adjungeretur
625 2652 693 2689 usus
712 2632 855 2708 frequens,
869 2633 918 2709 qui

86 2736 118 2786 25
131 2726 259 2783 omniurn
270 2728 469 2805 magistrorum
479 2738 624 2805 praecepta
633 2739 785 2807 superaret.
826 2729 918 2788 Erant

133 2833 227 2881 autem
249 2824 317 2881 huic
337 2824 432 2883 studio
458 2826 676 2903 maximaque
699 2846 779 2885 nunc
805 2846 918 2904 quoque

132 2929 208 2993 sunt,
228 2921 358 2997 exposita
383 2922 509 2999 praemia,
529 2923 574 2981 vel
601 2924 638 2982 ed
664 2924 861 3002 gratiam,ch
883 2922 919 2983 ad

133 3038 212 3097 opes,
239 3018 283 3077 tel
316 3018 352 3077 ad
386 3019 562 3099 dignitatem
617 3020 741 3101 Ingenia
772 3040 840 3083 vero
872 3022 919 3102 (ut
