2109 3417
122 285 179 344 13⁰
438 294 482 342 oa
502 293 665 344 onanoan.
867 287 949 358 [uin
1046 329 1047 340 ,

165 442 285 500 artificio
300 462 345 501 res
359 444 420 502 ista
439 456 584 521 praecepta
596 464 655 503 non
669 455 807 522 quarunt.
829 433 832 440 ¹
847 445 947 520 Plane,

164 539 257 614 inquit
272 541 401 612 Catulus,
417 543 564 601 assentior.

204 638 268 713 Age
289 656 364 707 vero,
379 638 471 712 inquit
492 638 646 710 Antonius,
666 638 757 713 qualis
775 639 903 710 oratoris,
918 649 949 698 et

164 735 262 808 quanti
277 734 401 790 hominis
418 734 447 790 in
468 735 602 805 dicendo,
616 744 698 810 putas
712 753 784 806 esse,
799 735 948 794 historiam

136 830 310 887 useriberet
364 830 406 901 Si,
434 840 466 886 ut
492 830 587 887 Graeci
621 831 804 907 scripserunt,
832 832 946 904 summi,

165 925 257 1000 inquit
278 926 414 983 Catulus:
435 926 470 996 si,
485 936 517 982 ut
537 927 635 997 nostri,
649 927 720 984 nihil
742 947 813 1003 opus
831 938 873 985 est
885 946 948 986 ora·
1046 973 1047 984 ,

163 1032 242 1079 tore:
263 1023 332 1079 satis
352 1034 404 1093 est,
419 1042 476 1078 non
497 1041 561 1078 esse
577 1023 754 1081 mendacem.
795 1023 894 1099 Atqui,
909 1043 947 1082 ne

163 1129 277 1174 nostros
297 1129 474 1188 contemnas,
489 1119 582 1193 inquit
602 1119 757 1191 Antonius,
771 1120 865 1178 Graeci
880 1139 948 1195 quo-

161 1233 219 1288 que
240 1214 282 1271 sic
303 1214 384 1271 initio
408 1215 615 1289 scriptitarunt,
635 1226 667 1272 ut
686 1227 782 1272 noster
809 1216 893 1288 Cato,
914 1227 948 1274 ut

119 1317 150 1369 10
164 1309 271 1379 Pictor,
286 1321 316 1365 ut
330 1309 406 1367 Piso.
448 1310 518 1367 Erat
538 1311 615 1367 enim
635 1311 753 1369 historia
771 1311 842 1369 nihil
858 1312 946 1385 aliud,

164 1405 219 1462 nisi
235 1406 377 1463 annalium
400 1406 561 1464 confectio:
584 1407 666 1484 cujus
680 1407 731 1478 rei,
746 1409 947 1484 memoriaque

162 1501 285 1576 publicae
299 1503 455 1560 retinenda
470 1503 567 1572 cansa,
583 1504 618 1560 ab
633 1503 714 1560 initio
730 1515 824 1562 rerum
838 1504 947 1563 Roma·

164 1616 264 1655 narum
285 1617 375 1672 usque
396 1599 431 1656 ad
452 1598 484 1656 P.
506 1597 647 1671 Mucium,
667 1600 832 1676 pontificem
858 1601 947 1660 maxi·
1046 1635 1047 1648 κ

163 1713 252 1766 mum,
266 1713 312 1751 res
326 1713 425 1753 omnes
439 1695 614 1771 singulorum
636 1715 773 1755 annorum
792 1697 946 1756 mandabat

119 1800 150 1848 15
163 1789 253 1848 literis
267 1791 399 1866 'pontifex
418 1792 568 1863 maximus,
583 1791 774 1867 efferebatque
791 1793 820 1850 in
837 1793 944 1866 album,

164 1897 193 1943 et
211 1888 388 1962 proponebat
414 1887 539 1944 tabulam
567 1888 654 1960 dorni,
674 1899 798 1964 potestas
818 1899 850 1946 ut
870 1899 946 1948 esset

162 1983 266 2058 populo
281 1980 490 2058 eognoscendi;
514 1981 618 2063 [iique]
635 1983 718 2040 etiarn
735 2002 813 2040 nunc
828 1985 945 2042 annales
1046 2003 1047 2022 *

163 2078 279 2134 maximi
300 2078 492 2136 nominantur.
534 2079 620 2136 Hanc
641 2079 854 2136 similitudinem
875 2081 945 2138 seri-

163 2173 249 2229 bendi
271 2174 351 2230 multi
372 2175 463 2230 secuti
479 2185 554 2246 sunt,
570 2175 628 2250 qui,
643 2175 703 2231 sine
718 2176 782 2232 ullis
796 2195 946 2233 ornamen-

117 2279 149 2328 20
164 2270 209 2339 tis,
222 2280 406 2327 monumenta
416 2269 506 2327 solum
518 2281 688 2346 temporum,
699 2271 856 2343 hominurn,
868 2271 945 2331 loco-

163 2377 235 2436 turn,
260 2376 459 2442 gestarumque
485 2386 579 2424 rerum
607 2367 789 2442 reliquerunt.
843 2367 945 2443 Itaque

163 2464 254 2536 qualis
288 2463 362 2538 apud
395 2464 512 2520 Graecos
545 2462 733 2538 Pherecydes,
763 2463 944 2538 Hellanicus,

164 2559 298 2616 Acusilas
331 2559 394 2630 suit,
429 2559 532 2634 aliique
568 2559 716 2635 permulti;
750 2559 814 2618 talis
847 2571 946 2620 noster

163 2655 246 2725 Cato,
260 2666 289 2712 et
311 2654 416 2724 Pictor,
431 2665 460 2711 et
480 2655 558 2726 Piso,
573 2656 621 2730 qui
642 2675 734 2732 neque
755 2665 864 2730 tenent,
884 2657 945 2732 qui·

116 2758 148 2808 25
163 2751 216 2807 bus
236 2751 321 2808 rebus
341 2760 457 2807 ornetur
475 2750 577 2822 oratio,
597 2750 696 2828 (niodo
716 2752 791 2810 enirn
813 2753 870 2811 huc
890 2753 946 2812 ista

162 2846 229 2902 sunt
243 2845 405 2925 importata)
420 2856 459 2918 et,
473 2845 541 2903 dum
557 2845 739 2923 intelligatur,
753 2847 820 2922 quid
835 2848 943 2921 dicant,

162 2958 248 2999 unam
276 2942 391 2999 dicendi
418 2941 531 3000 laudem
557 2952 658 3018 putant
681 2961 743 3000 esse
767 2943 942 3003 brevitatem.

162 3037 313 3096 Paululum
334 3055 364 3094 se
384 3038 483 3111 erexit,
496 3048 526 3096 et
541 3037 649 3095 addidit
669 3037 792 3096 historio
808 3037 944 3114 majorem
