2109 3417
110 268 182 336 ³106
442 285 486 332 ou
506 284 670 332 onerose.
870 283 952 345 [nn

166 431 292 504 dicendi,
306 442 336 491 et
350 443 582 510 argumentorum
602 433 707 504 fontes,
724 429 875 490 desiderat.
915 431 952 492 In
1049 423 1050 430 ἵ

165 548 223 604 quo
249 529 336 588 etiem
363 528 411 586 isti
437 548 491 587 nos
514 528 712 606 jurisconsulti
735 527 907 604 impediunt,
935 547 954 586 e

166 624 361 700 discendoque
382 625 534 684 deterrent.
575 624 670 700 Video
685 625 773 696 enim,
788 624 818 682 in
833 624 953 683 Catonis

166 731 196 778 et
210 721 292 779 Bruti
305 722 395 794 libris,
405 721 575 780 nominatim
590 721 649 778 fere
662 720 771 792 referri,
782 720 850 796 quid
864 719 951 779 elicui

135 825 153 874 ὅ
167 817 203 876 de
220 817 284 894 jure
304 817 366 875 viro
385 828 433 875 eut
447 816 560 876 mulieri
572 817 786 892 responderint3
809 817 905 888 credo,
919 825 952 876 ut

165 924 340 990 putaremus,
356 913 386 971 in
407 913 581 984 homiuibus,
597 931 655 971 non
669 913 699 970 in
713 931 755 985 re,
769 912 952 972 consultatio-

167 1009 214 1068 nis
227 1020 276 1067 eut
294 1008 490 1080 dubitationis,
504 1028 621 1066 causum
643 1009 766 1084 aliquem
786 1007 889 1078 suisse;
910 1017 951 1080 ut,

167 1105 244 1180 qnod
271 1105 402 1163 homines
428 1115 524 1162 esseut
555 1104 787 1175 innumerabiles,
814 1102 952 1162 debilitati
1049 1171 1050 1192 3

168 1199 267 1276 ajure
286 1199 499 1277 cognoscendo,
520 1199 695 1259 voluntatem
715 1197 846 1256 discendi
867 1197 951 1256 simul
1049 1209 1050 1230 ¹

122 1308 153 1358 10
168 1316 240 1355 curn¹
249 1316 299 1372 spe
312 1295 494 1371 perdiscendi
508 1294 705 1372 abjiceremus.

207 1393 265 1452 Sed
280 1393 342 1450 hec
356 1391 477 1448 Crassus
493 1391 646 1465 aliquando
666 1389 749 1448 nobis
769 1389 909 1466 expediet,
924 1399 953 1448 et

168 1499 292 1565 exponet
312 1487 454 1562 descripte
473 1486 649 1563 generatim:
671 1497 715 1544 est
728 1485 815 1556 enim,
829 1505 866 1543 ue
881 1486 953 1544 sorte

168 1585 291 1657 nescies,
313 1584 375 1642 heri
397 1583 481 1652 nobie
503 1583 552 1642 ille
575 1582 648 1654 hoc,
665 1581 778 1653 Catule,
798 1580 953 1657 pollicitus,

169 1703 200 1741 se
217 1682 264 1759 jus
285 1680 379 1753 civile,
393 1679 469 1756 quod
490 1687 569 1736 nnnc
589 1678 723 1736 diffusum
741 1690 771 1734 et
788 1677 955 1754 dissipatum

124 1792 156 1842 15
170 1789 224 1850 est,
248 1779 278 1836 in
305 1790 386 1835 certe
410 1793 518 1854 genere
544 1784 723 1846 coacturum,
747 1782 776 1831 et
803 1772 839 1830 ed
865 1782 956 1831 urtem

171 1875 256 1934 lscile
274 1874 467 1932 reducturum.
507 1871 546 1928 Et
565 1870 691 1947 quidem,
712 1869 804 1945 inquit
824 1868 955 1941 Catulus,

171 1969 390 2044 haudqudquem
405 1968 434 2025 id
448 1978 492 2025 est
504 1965 621 2024 difficile
636 1965 750 2037 Crasso,
764 1964 865 2039 quiet,
880 1965 956 2040 quod

170 2065 244 2122 disci
267 2064 360 2140 potuit
382 2064 419 2122 de
439 2065 514 2140 jure,
538 2061 657 2120 didicit:
678 2070 716 2133 et,
741 2060 817 2136 quod
839 2061 885 2132 iis,
906 2060 956 2136 qui

170 2179 237 2217 eum
251 2160 419 2230 docuerunt,
434 2159 536 2230 deluit,
551 2158 611 2234 ipse
626 2158 740 2227 efferet:
762 2168 803 2226 ut,
817 2175 880 2232 quae
898 2156 957 2214 sint

124 2259 158 2310 2⁰
172 2254 288 2331 injure,
303 2254 346 2311 vel
361 2266 425 2329 epte
445 2253 617 2324 describere,
632 2251 676 2310 vel
696 2263 794 2310 ornate
815 2251 957 2309 illustrare

171 2350 269 2426 possit.
311 2348 389 2426 Ergo
402 2349 465 2419 ists,
477 2348 572 2422 inquit
581 2347 736 2417 Antonius,
747 2358 807 2404 tum
822 2366 838 2404 n
852 2346 958 2406 Crasso

172 2447 326 2516 discemus,
347 2463 413 2502 cunr
433 2463 465 2501 se
491 2443 527 2502 de
555 2444 647 2512 turbd,
668 2455 698 2500 et
718 2442 904 2514 asubselliis,
925 2441 957 2500 iu

172 2543 263 2602 otium
289 2541 335 2615 (ut
358 2540 478 2618 cogitet)
503 2540 663 2614 soliumque
687 2538 848 2596 contulerit„
889 2537 956 2596 Jum

173 2640 203 2697 id
223 2638 338 2714 quidem
362 2655 446 2712 sepe,
468 2635 561 2711 inquit
588 2635 718 2706 Catulus,
738 2653 775 2691 ex
793 2653 838 2696 eu¹
850 2634 956 2706 audivi,

126 2740 160 2792 25
173 2754 240 2795 cum
260 2734 378 2802 diceret,
393 2731 448 2790 sibi
468 2742 578 2789 certum
599 2750 671 2804 esse,
687 2730 831 2808 ejudieiis
852 2730 959 2790 causis·

174 2849 230 2908 que
253 2829 418 2888 discedere:
448 2827 510 2898 sed,
534 2837 566 2884 ut
589 2827 642 2903 ipsi
666 2827 746 2884 soleo
769 2826 873 2897 dicere,
897 2843 958 2883 non

174 2926 290 2988 licebit:
321 2923 514 2999 nequeenim
539 2922 600 2998 ipse
621 2923 757 2981 auxilium
777 2939 860 2978 suum
880 2939 959 2996 srepe
1049 2987 1050 2992 ἵ

175 3022 273 3103 oriris
292 3020 376 3078 bonis
396 3019 499 3078 frustra
519 3018 662 3093 implorari
676 3019 806 3096 patietur,
820 3033 914 3090 neque
928 3015 960 3076 id
1049 3079 1050 3086 ,
