2109 3417
120 277 177 336 luo
437 286 481 334 un
503 253 671 334 onnuorur.¹
867 285 951 347 [nn.

165 435 293 506 sissime;
323 435 400 510 quod
426 435 542 511 quidem
568 436 747 512 eloquentem
771 433 815 493 rel
841 434 951 512 optime

164 531 260 605 faeere
286 541 408 608 oportet,
434 542 467 589 ut
492 522 685 606 eloquentium
716 531 830 589 laudet:
863 532 950 589 debet

69 689 75 710 ι
165 629 253 700 enim,
268 627 302 685 ud
316 645 380 686 esm
399 624 580 699 laudandam,
594 627 685 702 ipsum
706 626 783 684 illum
802 627 948 698 adhibere,

165 743 249 800 quam
268 723 374 782 lnudut
415 723 474 782 Sed
494 742 582 801 perge
606 741 708 801 porro:
735 722 788 780 tibi
808 723 885 781 enim
907 743 950 781 ss·

131 817 149 879 5
164 820 280 892 sentior,
294 831 418 879 restrum
432 837 495 878 esse
515 820 572 877 hoo
591 829 693 892 totum,
708 818 813 876 diserte
833 818 947 890 dicere;

164 916 249 993 idque
269 916 293 974 si
313 916 378 992 quis
396 916 428 973 in
448 916 504 974 alit
524 925 585 974 urte
605 916 701 987 saciet,
725 932 791 974 eum
821 924 947 973 assumto

1046 355 1051 588 l

165 1011 279 1071 aliunde
304 1012 346 1070 uti
374 1012 460 1084 bono,
486 1031 543 1069 non
572 1011 696 1087 proprio,
722 1029 778 1069 neo
805 1027 866 1070 suo.
898 1011 948 1069 -Et
1030 1063 1051 1086 ,ἵ

164 1109 294 1182 Crassus,
308 1107 338 1165 N
340 1126 377 1166 ox
389 1119 428 1179 te,
442 1108 545 1183 inquit,
559 1108 652 1179 nobis,
666 1107 786 1179 Antoni,
801 1107 947 1182 expolivit,
1050 1107 1051 1122 ¹

163 1205 365 1279 hominemque
386 1204 526 1262 reddidit:
553 1221 620 1261 nam
647 1205 781 1261 hesterno
804 1221 949 1275 sermone,

118 1309 149 1358 1⁰
163 1301 248 1359 unius
264 1300 412 1378 cujusdam
432 1300 536 1376 operis,
550 1309 583 1356 ut
596 1299 635 1357 nit
649 1299 794 1370 cecilius,
807 1299 947 1376 remigem

165 1397 286 1472 aliquem
308 1407 357 1455 unt
376 1396 512 1473 bajulum,
526 1396 611 1453 nobis
631 1406 772 1453 oratorem
790 1395 948 1471 desoripse

163 1513 219 1566 rus,
233 1493 347 1570 inopem
367 1492 509 1570 quendum
529 1491 714 1550 humanitatis
734 1501 818 1566 utque
832 1480 949 1550 inurbsss
1050 1479 1051 1524 l

163 1610 241 1648 num.
289 1590 368 1648 Tum
388 1589 543 1660 Antonius,
565 1588 637 1646 Heri
658 1588 745 1660 enim,
766 1587 868 1662 iuquit,
889 1588 948 1646 lroo
1050 1617 1051 1624 κ

162 1687 233 1746 mihi
253 1704 465 1764 proposueram,
479 1696 520 1757 ut,
536 1685 560 1742 si
580 1695 609 1743 te
629 1684 805 1756 refellissem,
823 1685 874 1742 hos
888 1703 905 1743 e
917 1693 948 1742 te
1049 1707 1050 1760 l

117 1793 149 1843 15
164 1784 318 1860 discipulos
332 1783 521 1842 obducerem:
542 1799 629 1852 nuno,
644 1781 749 1839 Catulo
769 1780 950 1840 audientest

163 1881 286 1952 (lesere,
300 1879 397 1938 videor
411 1879 515 1936 debere
534 1897 592 1936 non
613 1887 670 1936 turn
690 1895 818 1955 pugnare
838 1888 951 1953 tecum,

162 1995 257 2052 quum,
272 1975 338 2050 quid
354 1975 415 2050 ipse
428 1975 559 2046 sentium,
573 1973 678 2031 disere.

203 2071 337 2146 Sequitur
350 2069 447 2148 igitur,
462 2063 596 2144 quoniam
613 2069 696 2126 nobis
710 2079 753 2127 est
766 2069 824 2140 hio,
839 2069 875 2128 (le
889 2089 949 2145 quo

162 2165 314 2240 loquimur,
335 2164 364 2221 in
386 2163 446 2223 foro
473 2175 558 2241 utque
578 2165 607 2222 in
629 2165 721 2222 oculis
748 2165 853 2224 nivium
871 2185 950 2224 oon·

115 2261 148 2310 ὓ)
163 2260 332 2332 stituendus,
347 2270 378 2319 ut
395 2260 551 2332 videamus,
572 2260 640 2336 quid
660 2261 687 2320 ei
708 2262 816 2339 negotii
834 2262 947 2336 demus,

164 2357 268 2433 cuique
294 2375 360 2414 eum
385 2356 498 2414 muneri
519 2356 639 2414 velimus
666 2375 728 2415 esse
753 2359 945 2436 prepositum.

163 2453 240 2512 Nam
261 2453 382 2511 Crassus
405 2452 476 2523 heri,
498 2471 644 2525 oum-ros,
665 2454 769 2514 Catule
788 2465 818 2513 et
838 2455 946 2531 Cesar,

163 2537 220 2608 uon
235 2549 380 2620 edessetis,
393 2549 489 2625 posuit
502 2548 625 2607 breviter
639 2549 668 2608 in
684 2550 751 2608 artis
771 2533 948 2610 distributio·

164 2663 202 2702 ne
215 2645 301 2718 idem,
315 2645 391 2723 quod
404 2645 499 2703 Graeoi
512 2646 640 2723 plerique
660 2655 832 2723 posuerunt:
852 2665 948 2724 neque
1048 2643 1049 2668 ¹

115 2745 148 2796 25
164 2759 233 2800 sune
252 2741 320 2817 quid
340 2740 401 2817 ipse
420 2741 548 2813 sentiret,
563 2742 695 2817 sedquid
710 2741 816 2801 abillis
836 2743 947 2801 dioere-

163 2848 219 2911 tur,
247 2838 388 2896 ostendit:
421 2837 480 2896 duo
504 2838 596 2913 primu
621 2855 731 2916 genere
758 2840 947 2915 questionum

163 2953 236 3008 esse,
263 2935 294 2993 iu
326 2934 430 3011 quibus
461 2934 624 3010 eloquentis
654 2946 822 3009 versaretur,
855 2953 947 2995 uuum
1048 2933 1049 2936 ’

164 3031 317 3105 infinitum,
353 3030 473 3093 ultorum
509 3039 628 3091 eertum.
691 3029 837 3094 Infinitum
873 3031 947 3094 mihi
