2109 3417
100 289 165 367 '88'
424 317 468 366 nn
489 318 652 367 omnuim.
840 318 879 380 [n.
889 315 940 367 m.

149 464 275 540 quidem,
292 466 327 523 sd
347 484 486 525 summam
507 468 627 545 gloriam
648 466 818 542 eloquentie
838 466 940 525 flores

150 562 237 632 uenti,
253 562 328 619 lerro
347 574 445 638 erepta
464 565 521 621 vita
542 576 594 635 est,
615 574 644 620 et
664 582 746 639 poena
766 562 939 622 temeritatis

149 676 209 715 nou
235 659 297 715 sine
331 677 435 735 magno
467 660 633 734 reipublicae
661 660 736 718 malo
769 659 936 717 constitura

150 752 215 830 Ego
227 772 295 811 vero
308 765 345 825 te,
360 754 474 825 Crasse,
489 772 556 811 cum
577 756 640 812 vitm
660 754 740 827 flore,
753 765 813 812 tum
834 755 938 813 mortis

121 850 370 924 bopportuoitate‚
391 849 488 907 divino
513 850 634 907 consilio
660 859 689 907 et
715 860 808 907 ortum
835 859 864 907 et
888 868 939 908 ex·

23 931 25 937 ’
150 945 286 1002 stinctum
306 964 369 1003 esse
390 945 527 1002 arbitror:
549 964 614 1001 nam
628 942 681 1003 tibi
695 956 754 1015 aut,
766 962 818 1021 pro
831 944 938 1003 virtuto

152 1040 239 1097 enimi
258 1040 477 1115 constantiique
497 1040 558 1111 tuti,
580 1041 672 1098 civilis
695 1040 761 1098 ferri
785 1040 938 1100 subeunda

151 1135 205 1193 ibit
223 1135 388 1207 cmdelitus,
409 1146 467 1207 aut,
481 1137 506 1193 si
523 1155 581 1211 qua
599 1147 628 1193 te
648 1137 762 1195 lortuna
780 1136 815 1199 eb
832 1137 938 1195 suoci-

149 1241 209 1289 tate
228 1232 328 1289 mortis
347 1232 530 1303 vindicium,
551 1232 652 1289 eadem
672 1250 734 1290 esse
753 1244 782 1291 te
802 1230 938 1291 funerum

106 1340 137 1388 1⁰
150 1328 249 1404 petrice
268 1337 457 1403 spectatorem
478 1328 638 1404 coegisset:
659 1346 753 1404 neque
772 1329 863 1387 solum
880 1329 937 1387 tibi

151 1425 344 1500 improborum
365 1421 539 1495 dominatus,
560 1424 610 1481 sed
637 1424 732 1495 etiam,
753 1434 866 1501 propter
888 1426 938 1483 ad·

150 1520 267 1579 mixtam
288 1521 394 1579 civium
414 1520 532 1592 cedem,
553 1520 693 1577 bonorum
717 1520 846 1594 victoria,
867 1538 938 1579 mm·

150 1616 209 1676 rori
222 1617 331 1676 suisset.

189 1808 241 1867 lv.
272 1808 348 1867 Mihi
372 1809 498 1884 quidem,
523 1806 637 1871 Quinte
664 1808 760 1881 frater,
783 1819 937 1883 eteorum

106 1913 138 1963 lb
152 1923 245 1976 casus,
259 1905 413 1980 dequibus
432 1915 499 1962 ants
519 1903 587 1976 dixi,
602 1915 631 1961 et
644 1922 679 1962 ea
692 1924 754 1979 quae
767 1905 937 1983 nosmetipsi

151 2001 191 2058 ob
225 2018 350 2058 amorem
384 2000 414 2058 iu
447 2000 653 2075 rempublicam
682 2000 879 2060 incredibilem
906 2011 937 2061 ot

153 2095 325 2172 singularem
350 2096 520 2172 pertulimus
546 2114 581 2153 ac
607 2096 758 2169 sensimus,
785 2097 935 2175 cogitanti,

152 2192 294 2249 sententia
313 2210 390 2268 saepe
407 2202 457 2249 tua
469 2210 537 2249 vera
556 2210 590 2249 ac
610 2193 723 2268 sapiens
742 2193 832 2251 videri
851 2194 935 2267 solet,
1043 2206 1044 2231 ³

152 2287 211 2362 qui,
223 2298 339 2363 propter
352 2298 404 2359 tot,
418 2297 522 2359 tentos,
536 2299 651 2363 tamque
671 2288 832 2365 precipites
851 2308 936 2348 casus
1043 2290 1044 2307 ¹

105 2388 139 2439 w
153 2382 373 2441 clarissimorum
394 2384 542 2441 bominum
567 2394 652 2459 atque
671 2385 843 2460 optimorum
863 2384 937 2443 viro·

153 2496 226 2549 rum,
242 2496 289 2535 me
308 2496 419 2554 semper
439 2480 476 2537 ab
494 2480 573 2538 omni
593 2480 779 2538 contentione
800 2500 834 2539 ac
853 2480 937 2538 dimi·

152 2574 266 2633 catione
278 2575 427 2634 rorooisti.
468 2575 537 2646 Sed,
550 2576 682 2651 quonium
696 2575 758 2634 haec
769 2576 827 2653 jam
841 2594 936 2652 neque

152 2670 182 2728 in
195 2670 308 2748 integro
328 2671 412 2728 nobis
430 2690 493 2728 esse
512 2681 641 2748 possunt,
656 2682 685 2728 et
700 2673 803 2729 summi
822 2672 935 2730 labores

151 2765 252 2839 nostri,
279 2768 384 2845 magni
412 2768 590 2842 compensati
622 2768 724 2845 glorio,
750 2768 934 2845 mitigantur3

105 2868 138 2918 ὅ
151 2880 302 2939 pergamus
322 2863 357 2920 ud
376 2880 412 2919 ea
430 2862 542 2933 solatia,
560 2876 622 2937 quie
641 2881 699 2920 non
720 2863 815 2934 modo,
829 2862 937 2921 sedatis

152 2959 300 3031 molestiis,
318 2957 456 3033 jucunda,
476 2958 528 3015 sed
549 2958 635 3015 etiam
659 2959 841 3030 haerentibus,
862 2958 938 3017 salu'·

153 3053 226 3115 teria
237 3052 322 3113 uobis
334 3071 397 3111 esso
409 3064 529 3129 possunt
536 3074 544 3125 ;
565 3072 779 3131 sermonemque
792 3054 825 3114 L
837 3054 936 3115 Crassi
