2109 3417
132 246 189 304 154
450 255 494 304 uu
517 255 681 302 cursous.
883 255 967 316 [nn.

177 403 257 478 quid,
281 405 444 483 ambigitur,
469 406 565 464 existit
588 405 675 464 etiam
698 405 857 482 exscripti
880 405 967 464 inter·

176 500 338 575 pretatione
361 521 437 578 saepe
460 502 618 573 contentio,
641 501 670 558 in
691 521 748 578 quo
770 502 850 560 nullu
872 512 966 577 potest

176 615 250 666 esse,
264 597 319 654 uisi
340 615 376 654 ex
397 598 542 675 ambiguo,
557 598 757 656 controversia.
798 597 877 654 Nam
896 597 966 654 illud

177 691 281 768 ipsum,
313 711 380 751 cum
413 694 552 770 scriptum
586 713 603 752 a
635 694 777 754 sententid
811 694 965 769 discrepat,

146 797 270 865 egenus
290 791 433 866 quoddam
456 790 542 848 babet
567 790 710 867 ambigui3
739 790 815 865 quud
837 800 899 847 turn
920 809 966 848 ex·

177 886 310 962 plicatur,
331 906 400 945 cum
425 906 461 945 ea
488 888 584 959 verba,
607 905 670 961 quae
697 887 810 959 desunt,
831 896 968 964 suggesta

178 994 261 1053 sunt;
296 984 400 1058 quibus
434 983 548 1054 additis,
585 983 757 1056 defenditur,
794 984 966 1046 senteutiam

178 1080 279 1155 scripti
298 1081 479 1156 perspicuam
500 1081 602 1150 luisse3
624 1091 653 1138 et
666 1099 701 1138 ex
716 1080 865 1138 contrariis
879 1080 967 1156 scrip-
1051 1077 1052 1094 ¹

179 1176 253 1234 tissi
268 1176 336 1250 quid
351 1176 516 1253 ambigitur,
531 1195 590 1233 non
605 1195 707 1234 norum
723 1195 814 1254 genus
827 1177 966 1248 nascitur,

134 1282 164 1331 10
179 1273 230 1330 sed
250 1273 406 1348 superioris
425 1273 539 1349 generis
560 1292 648 1331 causa
674 1274 852 1350 duplicatur:
880 1274 967 1349 idque
1051 1315 1052 1330 r

181 1379 228 1428 aut
248 1388 395 1444 nunquam
415 1369 568 1445 dijudicari
588 1370 699 1446 poterit,
722 1380 771 1428 aut
798 1370 838 1428 ita
864 1369 968 1446 dijudi-

179 1466 302 1537 cabitur,
318 1476 358 1536 ut,
373 1465 530 1524 referendis
550 1467 700 1542 preteritis
719 1465 821 1538 verbis,
837 1466 865 1524 id
880 1466 968 1542 scrip-

179 1574 252 1635 turn,
272 1563 473 1639 quodcumque
497 1563 687 1634 defendimus,
708 1563 881 1639 suppleatur.
923 1562 970 1621 Ita

180 1660 221 1731 lit,
246 1670 278 1717 ut
301 1679 389 1718 unum
414 1678 505 1737 genus
528 1659 559 1717 in
584 1659 618 1716 iia
642 1659 747 1731 causis,
766 1679 831 1735 quoe
852 1669 969 1736 propter

134 1769 166 1818 15
181 1756 319 1833 scripturn
332 1756 525 1833 ambiguntur,
538 1755 723 1830 relinquatur,
735 1755 759 1812 si
773 1766 816 1813 est
829 1755 969 1832 scriptum

182 1853 288 1927 aliquid
304 1853 445 1929 ambigue.
487 1851 698 1929 Ambiguorum
713 1861 806 1910 autem
822 1851 971 1930 complura

181 1967 289 2025 genera
307 1958 390 2017 sunt;
412 1961 475 2022 quar
492 1945 562 2004 milri
576 1947 708 2004 videntur
722 1947 741 2004 ii
756 1947 858 2005 melius
872 1947 969 2019 ndsse,

179 2044 229 2119 qui
250 2042 395 2100 dialectici
416 2044 602 2119 appellantur,
618 2043 757 2100 hiantem
778 2043 867 2100 nostri
890 2043 972 2119 igno-

182 2157 255 2208 rare,
270 2139 318 2213 qui
341 2157 399 2195 non
421 2139 517 2196 minua
538 2138 623 2196 ndsse
645 2139 785 2196 debeant:
815 2149 875 2196 tum
898 2139 971 2196 illud

132 2251 166 2302 un
182 2246 225 2294 est
250 2234 510 2309 frequentissimum
536 2234 565 2292 in
590 2235 668 2292 omni
693 2235 901 2293 consuetudine
925 2235 970 2292 vel

181 2331 323 2389 sermonis
337 2332 379 2387 vel
393 2332 502 2405 scripti,
517 2351 584 2388 cum
606 2331 715 2389 idcirco
730 2331 837 2407 aliquid
852 2331 973 2408 ambigi·

182 2440 238 2499 tur,
250 2428 324 2503 qnod
340 2437 389 2484 aut
403 2428 529 2498 verbum,
543 2437 591 2486 aut
602 2429 687 2485 rerba
701 2427 757 2484 sint
770 2428 971 2504 pretermissa.

183 2526 291 2584 Iterum
313 2536 407 2582 autern
427 2534 561 2599 peccant,
583 2543 649 2582 curn
670 2542 760 2600 genus
788 2525 844 2582 hoc
871 2545 973 2584 causa·

183 2642 256 2693 rum,
270 2621 347 2697 quod
364 2620 508 2696 inscripti
529 2621 762 2697 interpretatione
783 2631 918 2694 versatur,
935 2622 973 2679 ab
1047 2669 1048 2676 ,

135 2737 168 2787 25
184 2719 240 2776 illis
266 2718 371 2790 causis,
395 2717 425 2774 in
452 2717 566 2791 quibus,
591 2717 683 2792 qualis
709 2735 828 2792 quaeque
854 2737 900 2775 res
923 2719 972 2789 sit,

184 2815 369 2889 disceptatur,
406 2813 578 2888 sejungunt:
619 2831 759 2888 nusquam
797 2813 873 2870 enim
910 2823 972 2870 tam

184 2910 328 2988 quaeritur,
353 2909 437 2984 quale
463 2907 501 2965 sit
526 2925 618 2984 genus
641 2909 734 2985 ipsum
758 2909 809 2979 rei,
832 2927 916 2982 quarn
941 2908 973 2966 iu

185 3007 306 3084 scripto,
317 3006 393 3082 quod
413 3015 505 3064 totum
526 3023 544 3063 a
563 3004 631 3064 sacti
652 3003 844 3066 coutroversid
858 3023 976 3081 separa-
