2109 3417
132 266 161 312 ι.
173 268 203 327 1·]
417 264 460 315 ua
481 265 646 315 orauere.
932 256 970 316 19

132 426 195 473 tam
208 434 293 492 porro
307 418 429 495 regium,
443 429 501 477 tam
522 416 651 491 liberale,
664 428 724 477 tam
740 416 921 489 munificum,

134 528 222 587 quam
241 526 325 590 opem
346 514 419 571 serre
439 516 625 590 supplicibus,
644 515 770 574 excitare
791 514 921 586 afflictos,

134 609 205 666 dare
225 610 357 681 salutem,
377 611 499 669 liberare
520 611 666 687 perieulis,
687 612 811 669 retinere
832 611 923 669 bomi-

133 724 188 762 nes,
200 705 229 763 in
245 706 382 765 civitate?
421 707 504 769 Quid
525 718 620 765 autem
640 719 699 767 tam
715 707 920 778 necessarium,

133 820 219 876 quam
245 812 345 859 tenere
371 818 483 879 semper
511 822 599 876 arma,
626 804 730 880 quibus
757 803 800 861 vel
826 808 951 861 tectuab

132 898 194 974 ipse
214 918 278 955 esse
298 899 399 975 possis,
417 900 461 957 vel
481 918 638 975 provocare
657 900 813 977 improbos,
827 899 871 957 vel
891 910 922 957 te

132 994 236 1052 uleiaui
256 996 427 1054 leeessituai
467 997 534 1073 Age
547 1016 625 1068 vero,
639 1016 677 1054 ne
690 1015 802 1072 semper
815 996 920 1068 sorum,

132 1091 278 1164 subsellia,
293 1102 395 1164 rostra,
417 1093 584 1168 curiamque
604 1094 753 1164 meditere,
767 1092 836 1168 quid
856 1110 921 1149 ease

131 1198 226 1264 potest
240 1188 271 1245 in
285 1189 345 1246 otio
360 1199 408 1249 eut
425 1189 591 1265 jucundius,
606 1198 656 1247 aut
670 1190 762 1266 magia
773 1189 921 1265 proprium

132 1284 329 1356 humanitatis,
344 1304 430 1359 quam
450 1301 545 1343 sermo
564 1283 676 1343 facetus
696 1304 732 1344 aa
750 1285 830 1343 nullu
843 1285 874 1343 in
887 1302 919 1342 re
934 1294 966 1343 tu

130 1380 231 1438 rudis?
280 1381 348 1439 Hoe
368 1381 445 1439 enim
465 1396 524 1439 uno
544 1391 711 1457 praestamus
730 1382 775 1439 vel
796 1382 919 1441 maxime

131 1477 209 1549 feris,
230 1477 307 1553 quod
335 1478 521 1555 belloquimur
549 1479 623 1536 inter
644 1498 707 1551 noa,
727 1489 758 1537 et
776 1479 852 1554 quod
871 1498 919 1537 ex·

129 1573 400 1649 primere'dieendo
419 1590 504 1632 sensa
518 1592 677 1651 pontumue.
718 1574 919 1637 Quamobrem

131 1670 195 1744 quia
222 1669 280 1727 hoe
306 1688 365 1727 non
389 1670 454 1747 jure
480 1668 608 1741 miretur,
636 1669 860 1745 summequein
884 1688 919 1728 eo

131 1765 335 1825 elaborandum
356 1784 420 1823 esse
441 1766 602 1837 arbitretur,
616 1776 658 1834 ut,
672 1784 730 1841 quo
750 1783 810 1823 uno
829 1764 964 1825 homi-15

132 1880 184 1919 nea
202 1862 326 1920 maxime
346 1862 445 1921 bestiis
464 1871 610 1937 prestent,
628 1862 660 1919 in
679 1861 735 1920 hoe
754 1859 918 1919 bominibus

131 1956 200 2033 ipsis
225 1956 398 2015 antecellat?
431 1956 470 2015 Ut
494 1975 562 2015 reru
584 1956 644 2032 jam
671 1956 708 2015 ud
734 1956 783 2015 ilia
806 1973 919 2015 summa

131 2054 294 2125 veniemus3
329 2072 391 2128 que
418 2047 461 2113 vie
488 2054 545 2112 alia
576 2054 669 2131 potuit
700 2063 749 2111 aut
775 2053 918 2131 dispersos

130 2150 262 2208 homines
282 2168 371 2207 unum
392 2150 422 2207 in
442 2151 538 2209 locum
560 2167 746 2228 congregare,
761 2160 811 2208 aut
826 2170 843 2208 a
856 2150 917 2208 feri

130 2247 292 2323 agrestique
310 2245 368 2305 viui
389 2246 425 2304 ad
444 2247 523 2305 hune
543 2247 699 2306 humanum
720 2248 828 2307 tultum
849 2248 962 2308 civi-w

129 2342 243 2418 lemque
270 2343 425 2413 deducere,
446 2353 504 2415 aut,
529 2343 588 2420 jam
609 2344 775 2403 conutitutis
794 2343 917 2402 eivitati-

130 2439 193 2510 bus,
213 2440 302 2516 leges,
327 2439 448 2515 juditia,
472 2440 539 2516 jura
563 2438 748 2498 describeret
798 2439 855 2511 Ae,
877 2458 916 2497 ne

129 2535 220 2610 plura,
235 2554 297 2610 que
319 2545 386 2593 aunt
404 2552 485 2611 pene
506 2536 736 2608 innumerabilia,
753 2546 914 2609 eonaeeter,

131 2632 371 2707 eomprehendam
392 2632 485 2703 brevi;
507 2633 551 2690 aie
570 2634 648 2691 enim
667 2642 773 2703 statuo,
792 2632 916 2707 perfecti

130 2728 249 2785 oratoria
275 2728 473 2787 moderatione
499 2739 530 2786 et
555 2729 696 2806 sapientie
729 2746 789 2786 non
823 2728 960 2791 aolumtb

129 2823 218 2899 ipsius
234 2825 413 2903 dignitatern,
428 2824 478 2883 aed
492 2834 522 2882 et
534 2825 708 2900 privatorum
727 2824 914 2901 plurimorum

128 2929 157 2977 et
177 2921 317 2979 universe
337 2921 503 2998 reipublice
530 2921 652 2979 salutem
675 2921 804 2979 maxime
823 2919 915 2977 eonti-

128 3018 198 3076 neri.
252 3016 452 3079 Quamobrem
479 3016 600 3094 pergite,
620 3026 652 3074 ut
679 3015 784 3086 faeitia,
806 3011 917 3071 adolet·-
