2109 3417
102 248 143 311 68
423 259 467 307 nn
489 258 654 307 carrona
863 258 934 319 [nr

148 418 286 483 tempora,
312 416 395 483 atque
419 406 468 465 illa
494 417 563 465 aetas
587 407 617 465 in
640 407 696 464 bac
720 405 836 464 civitate
859 407 933 465 ferre

148 505 300 563 maalmam
321 504 423 581 potuit,
444 514 473 561 et
492 504 565 579 juris
585 503 679 560 civilis
705 503 833 560 omnium
860 505 934 579 peri-

148 602 293 659 tissimusl
333 601 535 669 Verecundius
565 602 619 657 hac
646 602 682 657 de
709 619 740 657 re
763 600 933 676 jamdudum

147 697 259 773 loquor,
286 698 361 774 quod
396 699 475 755 adest
508 697 550 753 vir
577 696 607 753 iu
634 697 759 754 dicendo
793 716 932 768 summus,

117 801 134 849 5
149 812 233 869 quern
254 812 307 870 ego
326 812 414 851 unum
427 803 567 851 oratorem
582 792 704 849 maxime
719 793 859 863 admiror;
881 794 932 850 sed

148 900 244 947 tamen
266 890 339 946 idem
361 889 417 946 boo
446 907 558 963 semper
578 889 627 964 jus
656 889 741 946 civile
769 890 931 946 contemsit.

148 986 266 1056 llerum,
281 985 416 1060 quoniam
437 985 585 1042 sententiae
605 996 688 1059 atque
702 985 847 1060 opinionis
862 1005 932 1043 mere

148 1082 276 1139 voluistis
303 1100 365 1139 esse
392 1082 556 1158 participes,
584 1081 654 1139 nihil
689 1082 858 1152 occultabo;
893 1092 932 1153 et,

149 1178 243 1253 quoad
262 1188 371 1253 potero,
392 1177 473 1235 vobis
493 1196 644 1253 exponam,
664 1177 733 1253 quid
757 1178 793 1235 de
819 1178 934 1254 quaque

103 1281 134 1332 1⁰
148 1294 179 1333 re
193 1274 323 1333 sentiam.
563 1262 566 1271 ’

187 1467 362 1527 XXXVIII.
384 1467 506 1526 Antonii
534 1467 711 1525 incredibilis
736 1468 875 1543 quaedam,
903 1479 933 1527 et

99 1618 102 1623 ,
147 1584 236 1643 prope
259 1566 412 1643 singularis
431 1576 461 1622 et
480 1565 578 1623 divina
606 1565 650 1622 vis
677 1565 786 1641 ingenii
809 1565 932 1637 videtur,

149 1662 260 1722 etiamsi
281 1663 334 1720 bac
357 1663 478 1721 scientia
502 1662 575 1738 juria
601 1661 709 1719 nudata
730 1662 778 1733 sit,
798 1680 933 1738 possess

149 1759 233 1817 facile
258 1758 360 1816 ceteris
385 1758 470 1816 armis
493 1756 652 1833 prudentia
675 1757 749 1814 tueri
778 1767 861 1831 atque
884 1758 934 1813 de·

103 1857 134 1907 15
149 1855 272 1914 fondere.
319 1854 515 1916 Quamobrem
541 1854 589 1911 hic
612 1854 695 1910 nobis
718 1853 754 1909 sit
777 1864 931 1928 exceptus:

149 1962 260 2009 ceteros
274 1970 341 2007 vero
354 1970 412 2008 non
433 1950 571 2008 dubitabo
590 1950 713 2025 primum
734 1949 844 2005 inertiae
865 1968 934 2006 con·

149 2048 284 2103 damnare
303 2047 446 2104 sententia
468 2047 541 2115 merl,
556 2056 620 2120 post
638 2046 723 2102 etiam
738 2045 931 2119 impudentias.

148 2141 225 2198 Nam
246 2141 362 2198 volitare
383 2142 411 2198 in
434 2142 502 2211 t’oro,
523 2141 631 2199 baerere
658 2142 687 2198 in
712 2141 775 2216 jure
803 2161 837 2199 ac
863 2162 934 2217 prae·

148 2247 241 2294 torum
269 2236 468 2307 tribunalibus,
493 2236 604 2311 judicia
630 2237 739 2312 privata
764 2256 932 2313 magnarum

102 2335 134 2385 20
149 2350 242 2390 rerum
263 2332 352 2403 obire,
374 2332 403 2390 in
424 2333 526 2407 quibus
547 2352 622 2408 saepe
643 2352 700 2393 non
721 2335 757 2390 de
778 2334 864 2405 facto,
881 2334 931 2391 sed

148 2428 184 2486 de
197 2428 331 2503 aequitate
346 2448 380 2487 ac
390 2428 463 2505 jure,
478 2440 613 2501 certetur,
625 2430 735 2506 jactare
748 2448 780 2486 se
794 2429 823 2487 iu
837 2431 933 2488 causis

148 2524 410 2596 centumviralibus,
433 2524 461 2582 in
489 2526 592 2602 quibus
618 2526 838 2600 usucapionum‚
860 2537 934 2585 tute·

147 2620 249 2693 larum,
282 2621 483 2698 gentilitatum,
518 2622 712 2699 agnationum,
746 2623 932 2697 alluvionum,

149 2716 414 2788 clrcumlurionum
434 2736 583 2789 nexorum,
603 2718 823 2794 mancipiorum,
841 2720 933 2795 parie-

102 2828 135 2881 ω
149 2823 219 2885 tum,
251 2813 402 2884 luminum,
439 2814 660 2886 stillicidiorum,
696 2825 932 2874 testamentorum

149 2919 295 2986 ruptorum
332 2920 381 2967 aut
416 2920 550 2982 ratorum,
585 2921 801 2986 ceterarumque
836 2928 931 2967 rerum

149 3005 400 3075 innumerabilium
423 3006 491 3085 jura
516 3017 674 3080 versentur,
701 3026 769 3066 curn
800 3006 932 3081 omnino,
