<?xml version="1.0" encoding="UTF-8"?>
<!DOCTYPE html PUBLIC "-//W3C//DTD XHTML 1.0 Transitional//EN"
    "http://www.w3.org/TR/xhtml1/DTD/xhtml1-transitional.dtd">
<html xmlns="http://www.w3.org/1999/xhtml" xml:lang="en" lang="en">
 <head>
  <title>
</title>
<meta http-equiv="Content-Type" content="text/html;charset=utf-8" />
  <meta name='ocr-system' content='tesseract 3.04.00' />
  <meta name='ocr-capabilities' content='ocr_page ocr_carea ocr_par ocr_line ocrx_word'/>
</head>
<body>
  <div class='ocr_page' id='page_1' title='image "./mtciceronisadqu00dillgoog_0177.png"; bbox 0 0 2109 3417; ppageno 0'>
   <div class='ocr_carea' id='block_1_1' title="bbox 112 285 941 362">
    <p class='ocr_par' dir='ltr' id='par_1_1' title="bbox 112 285 941 362">
     <span class='ocr_line' id='line_1_1' title="bbox 112 285 941 362; baseline -0.008 -13"><span class='ocrx_word' id='word_1_1' title='bbox 112 303 141 349; x_wconf 69' lang='lat' dir='ltr'><strong>a</strong></span> <span class='ocrx_word' id='word_1_2' title='bbox 151 302 195 362; x_wconf 78' lang='lat' dir='ltr'><strong>ru]</strong></span> <span class='ocrx_word' id='word_1_3' title='bbox 397 299 441 345; x_wconf 83' lang='lat' dir='ltr'><strong>uu</strong></span> <span class='ocrx_word' id='word_1_4' title='bbox 459 295 625 344; x_wconf 76' lang='lat' dir='ltr'><strong>ominus.</strong></span> <span class='ocrx_word' id='word_1_5' title='bbox 887 285 941 343; x_wconf 84' lang='lat'><strong>171</strong></span> 
     </span>
    </p>
   </div>
   <div class='ocr_carea' id='block_1_2' title="bbox 108 441 897 521">
    <p class='ocr_par' dir='ltr' id='par_1_2' title="bbox 108 441 897 521">
     <span class='ocr_line' id='line_1_2' title="bbox 108 441 897 521; baseline -0.013 -12"><span class='ocrx_word' id='word_1_6' title='bbox 108 481 114 488; x_wconf 83' lang='lat'><strong>·</strong></span> <span class='ocrx_word' id='word_1_7' title='bbox 151 448 313 508; x_wconf 84' lang='lat' dir='ltr'>XXXVII.</span> <span class='ocrx_word' id='word_1_8' title='bbox 340 449 446 521; x_wconf 70' lang='lat' dir='ltr'><strong>vum,</strong></span> <span class='ocrx_word' id='word_1_9' title='bbox 479 445 607 517; x_wconf 75' lang='lat' dir='ltr'>hercule,</span> <span class='ocrx_word' id='word_1_10' title='bbox 641 441 733 520; x_wconf 83' lang='lat' dir='ltr'><strong>iuquit</strong></span> <span class='ocrx_word' id='word_1_11' title='bbox 765 443 897 514; x_wconf 82' lang='lat' dir='ltr'><strong>Catulus,</strong></span> 
     </span>
    </p>
   </div>
   <div class='ocr_carea' id='block_1_3' title="bbox 106 635 944 3108">
    <p class='ocr_par' dir='ltr' id='par_1_3' title="bbox 106 635 944 3108">
     <span class='ocr_line' id='line_1_3' title="bbox 111 635 897 715; baseline -0.011 -15"><span class='ocrx_word' id='word_1_12' title='bbox 111 644 157 701; x_wconf 87' lang='lat' dir='ltr'><strong>sio</strong></span> <span class='ocrx_word' id='word_1_13' title='bbox 189 654 268 700; x_wconf 89' lang='lat' dir='ltr'><strong>tuam</strong></span> <span class='ocrx_word' id='word_1_14' title='bbox 300 652 424 698; x_wconf 77' lang='lat' dir='ltr'><strong>mentem</strong></span> <span class='ocrx_word' id='word_1_15' title='bbox 452 641 487 701; x_wconf 82' lang='lat' dir='ltr'><strong>ad</strong></span> <span class='ocrx_word' id='word_1_16' title='bbox 514 639 722 715; x_wconf 79' lang='lat' dir='ltr'><strong>philosophiam</strong></span> <span class='ocrx_word' id='word_1_17' title='bbox 754 635 897 711; x_wconf 78' lang='lat' dir='ltr'>appulisti,</span> 
     </span>
     <span class='ocr_line' id='line_1_4' title="bbox 110 731 897 813; baseline -0.011 -18"><span class='ocrx_word' id='word_1_18' title='bbox 110 757 198 813; x_wconf 83' lang='lat' dir='ltr'><strong>quam</strong></span> <span class='ocrx_word' id='word_1_19' title='bbox 214 739 273 795; x_wconf 81' lang='lat' dir='ltr'><strong>haee</strong></span> <span class='ocrx_word' id='word_1_20' title='bbox 288 738 388 794; x_wconf 82' lang='lat' dir='ltr'><strong>civitas</strong></span> <span class='ocrx_word' id='word_1_21' title='bbox 402 749 552 811; x_wconf 86' lang='lat' dir='ltr'><strong>aspernata</strong></span> <span class='ocrx_word' id='word_1_22' title='bbox 565 753 709 809; x_wconf 89' lang='lat' dir='ltr'><strong>nunquam</strong></span> <span class='ocrx_word' id='word_1_23' title='bbox 728 743 778 790; x_wconf 89' lang='lat' dir='ltr'><strong>est.</strong></span> <span class='ocrx_word' id='word_1_24' title='bbox 819 731 847 787; x_wconf 92' lang='lat' dir='ltr'><strong>N</strong></span> <span class='ocrx_word' id='word_1_25' title='bbox 852 749 897 788; x_wconf 85' lang='lat' dir='ltr'><strong>um</strong></span> 
     </span>
     <span class='ocr_line' id='line_1_5' title="bbox 111 827 927 909; baseline -0.011 -18"><span class='ocrx_word' id='word_1_26' title='bbox 111 846 143 891; x_wconf 89' lang='lat' dir='ltr'><strong>et</strong></span> <span class='ocrx_word' id='word_1_27' title='bbox 162 834 266 891; x_wconf 77' lang='lat' dir='ltr'><strong>referta</strong></span> <span class='ocrx_word' id='word_1_28' title='bbox 285 834 428 909; x_wconf 87' lang='lat' dir='ltr'><strong>quondam</strong></span> <span class='ocrx_word' id='word_1_29' title='bbox 452 832 536 888; x_wconf 91' lang='lat' dir='ltr'><strong>Italia</strong></span> <span class='ocrx_word' id='word_1_30' title='bbox 562 831 804 906; x_wconf 80' lang='lat' dir='ltr'><strong>Pythagoreorum</strong></span> <span class='ocrx_word' id='word_1_31' title='bbox 833 827 927 896; x_wconf 81' lang='lat' dir='ltr'><strong>suit,5</strong></span> 
     </span>
     <span class='ocr_line' id='line_1_6' title="bbox 112 923 896 1004; baseline -0.009 -17"><span class='ocrx_word' id='word_1_32' title='bbox 112 941 185 1000; x_wconf 86' lang='lat' dir='ltr'><strong>tum,</strong></span> <span class='ocrx_word' id='word_1_33' title='bbox 200 949 265 987; x_wconf 87' lang='lat' dir='ltr'><strong>oum</strong></span> <span class='ocrx_word' id='word_1_34' title='bbox 278 930 383 986; x_wconf 86' lang='lat' dir='ltr'><strong>eratin</strong></span> <span class='ocrx_word' id='word_1_35' title='bbox 398 929 453 985; x_wconf 85' lang='lat' dir='ltr'><strong>hae</strong></span> <span class='ocrx_word' id='word_1_36' title='bbox 472 937 558 1004; x_wconf 79' lang='lat' dir='ltr'><strong>geute</strong></span> <span class='ocrx_word' id='word_1_37' title='bbox 578 925 687 1002; x_wconf 86' lang='lat' dir='ltr'><strong>Magna</strong></span> <span class='ocrx_word' id='word_1_38' title='bbox 704 925 753 982; x_wconf 92' lang='lat' dir='ltr'><strong>illa</strong></span> <span class='ocrx_word' id='word_1_39' title='bbox 766 923 896 980; x_wconf 86' lang='lat' dir='ltr'><strong>Graeoin:</strong></span> 
     </span>
     <span class='ocr_line' id='line_1_7' title="bbox 110 1021 896 1100; baseline -0.011 -17"><span class='ocrx_word' id='word_1_40' title='bbox 110 1045 150 1083; x_wconf 85' lang='lat' dir='ltr'><strong>ex</strong></span> <span class='ocrx_word' id='word_1_41' title='bbox 162 1045 218 1100; x_wconf 89' lang='lat' dir='ltr'><strong>quo</strong></span> <span class='ocrx_word' id='word_1_42' title='bbox 230 1027 316 1082; x_wconf 82' lang='lat' dir='ltr'><strong>etiam</strong></span> <span class='ocrx_word' id='word_1_43' title='bbox 330 1024 445 1099; x_wconf 88' lang='lat' dir='ltr'><strong>quidam</strong></span> <span class='ocrx_word' id='word_1_44' title='bbox 459 1023 586 1080; x_wconf 81' lang='lat' dir='ltr'><strong>Numam</strong></span> <span class='ocrx_word' id='word_1_45' title='bbox 603 1021 785 1096; x_wconf 86' lang='lat' dir='ltr'><strong>Pompilium,</strong></span> <span class='ocrx_word' id='word_1_46' title='bbox 799 1037 896 1096; x_wconf 86' lang='lat' dir='ltr'><strong>regem</strong></span> 
     </span>
     <span class='ocr_line' id='line_1_8' title="bbox 112 1117 942 1195; baseline -0.007 -17"><span class='ocrx_word' id='word_1_47' title='bbox 112 1133 252 1192; x_wconf 87' lang='lat' dir='ltr'><strong>nostrum,</strong></span> <span class='ocrx_word' id='word_1_48' title='bbox 274 1121 361 1178; x_wconf 77' lang='lat' dir='ltr'><strong>luisse</strong></span> <span class='ocrx_word' id='word_1_49' title='bbox 380 1119 590 1195; x_wconf 83' lang='lat' dir='ltr'><strong>Pythagoreum</strong></span> <span class='ocrx_word' id='word_1_50' title='bbox 612 1118 720 1186; x_wconf 82' lang='lat' dir='ltr'><strong>serunt3</strong></span> <span class='ocrx_word' id='word_1_51' title='bbox 745 1117 793 1192; x_wconf 89' lang='lat' dir='ltr'><strong>qui</strong></span> <span class='ocrx_word' id='word_1_52' title='bbox 815 1117 897 1173; x_wconf 87' lang='lat' dir='ltr'><strong>annis</strong></span> <span class='ocrx_word' id='word_1_53' title='bbox 940 1185 942 1192; x_wconf 33' lang='grc' dir='ltr'>Ι</span> 
     </span>
     <span class='ocr_line' id='line_1_9' title="bbox 111 1213 897 1294; baseline -0.008 -20"><span class='ocrx_word' id='word_1_54' title='bbox 111 1218 261 1294; x_wconf 88' lang='lat' dir='ltr'><strong>permultis</strong></span> <span class='ocrx_word' id='word_1_55' title='bbox 281 1227 347 1274; x_wconf 82' lang='lat' dir='ltr'><strong>ante</strong></span> <span class='ocrx_word' id='word_1_56' title='bbox 367 1217 429 1286; x_wconf 89' lang='lat' dir='ltr'><strong>fuit,</strong></span> <span class='ocrx_word' id='word_1_57' title='bbox 443 1233 527 1290; x_wconf 89' lang='lat' dir='ltr'><strong>quam</strong></span> <span class='ocrx_word' id='word_1_58' title='bbox 549 1215 608 1290; x_wconf 88' lang='lat' dir='ltr'><strong>ipse</strong></span> <span class='ocrx_word' id='word_1_59' title='bbox 628 1213 818 1290; x_wconf 86' lang='lat' dir='ltr'><strong>Pythagoras:</strong></span> <span class='ocrx_word' id='word_1_60' title='bbox 840 1229 897 1286; x_wconf 89' lang='lat' dir='ltr'><strong>quo</strong></span> 
     </span>
     <span class='ocr_line' id='line_1_10' title="bbox 110 1309 944 1389; baseline -0.005 -19"><span class='ocrx_word' id='word_1_61' title='bbox 110 1315 198 1370; x_wconf 88' lang='lat' dir='ltr'><strong>etiam</strong></span> <span class='ocrx_word' id='word_1_62' title='bbox 214 1314 303 1389; x_wconf 83' lang='lat' dir='ltr'><strong>major</strong></span> <span class='ocrx_word' id='word_1_63' title='bbox 316 1313 359 1370; x_wconf 84' lang='lat' dir='ltr'><strong>vir</strong></span> <span class='ocrx_word' id='word_1_64' title='bbox 373 1312 520 1369; x_wconf 87' lang='lat' dir='ltr'><strong>habendus</strong></span> <span class='ocrx_word' id='word_1_65' title='bbox 539 1321 592 1381; x_wconf 84' lang='lat' dir='ltr'><strong>ast,</strong></span> <span class='ocrx_word' id='word_1_66' title='bbox 607 1329 672 1368; x_wconf 90' lang='lat' dir='ltr'><strong>oum</strong></span> <span class='ocrx_word' id='word_1_67' title='bbox 694 1310 771 1368; x_wconf 89' lang='lat' dir='ltr'><strong>illam</strong></span> <span class='ocrx_word' id='word_1_68' title='bbox 787 1309 897 1385; x_wconf 86' lang='lat' dir='ltr'><strong>sapien·</strong></span> <span class='ocrx_word' id='word_1_69' title='bbox 913 1317 944 1366; x_wconf 88' lang='lat' dir='ltr'><strong>lt)</strong></span> 
     </span>
     <span class='ocr_line' id='line_1_11' title="bbox 110 1405 896 1482; baseline -0.008 -14"><span class='ocrx_word' id='word_1_70' title='bbox 110 1411 182 1468; x_wconf 81' lang='lat' dir='ltr'><strong>tiam</strong></span> <span class='ocrx_word' id='word_1_71' title='bbox 196 1410 403 1467; x_wconf 78' lang='lat' dir='ltr'><strong>eonstituendae</strong></span> <span class='ocrx_word' id='word_1_72' title='bbox 416 1408 540 1466; x_wconf 72' lang='lat' dir='ltr'><strong>civitatis</strong></span> <span class='ocrx_word' id='word_1_73' title='bbox 554 1409 666 1464; x_wconf 83' lang='lat' dir='ltr'><strong>duobus</strong></span> <span class='ocrx_word' id='word_1_74' title='bbox 680 1425 768 1482; x_wconf 88' lang='lat' dir='ltr'><strong>prope</strong></span> <span class='ocrx_word' id='word_1_75' title='bbox 784 1405 896 1463; x_wconf 78' lang='lat' dir='ltr'><strong>saeculis</strong></span> 
     </span>
     <span class='ocr_line' id='line_1_12' title="bbox 111 1502 896 1581; baseline -0.006 -19"><span class='ocrx_word' id='word_1_76' title='bbox 111 1516 180 1562; x_wconf 86' lang='lat' dir='ltr'><strong>ante</strong></span> <span class='ocrx_word' id='word_1_77' title='bbox 205 1505 350 1581; x_wconf 76' lang='lat' dir='ltr'><strong>coguovit,</strong></span> <span class='ocrx_word' id='word_1_78' title='bbox 377 1522 461 1579; x_wconf 88' lang='lat' dir='ltr'><strong>quam</strong></span> <span class='ocrx_word' id='word_1_79' title='bbox 488 1523 552 1560; x_wconf 85' lang='lat' dir='ltr'><strong>earn</strong></span> <span class='ocrx_word' id='word_1_80' title='bbox 578 1502 674 1560; x_wconf 81' lang='lat' dir='ltr'><strong>Graeni</strong></span> <span class='ocrx_word' id='word_1_81' title='bbox 706 1513 800 1558; x_wconf 90' lang='lat' dir='ltr'><strong>natam</strong></span> <span class='ocrx_word' id='word_1_82' title='bbox 833 1518 896 1558; x_wconf 88' lang='lat' dir='ltr'><strong>esse</strong></span> 
     </span>
     <span class='ocr_line' id='line_1_13' title="bbox 111 1597 897 1659; baseline -0.005 -1"><span class='ocrx_word' id='word_1_83' title='bbox 111 1611 271 1659; x_wconf 88' lang='lat' dir='ltr'><strong>senserunt.</strong></span> <span class='ocrx_word' id='word_1_84' title='bbox 312 1600 350 1657; x_wconf 89' lang='lat' dir='ltr'><strong>Et</strong></span> <span class='ocrx_word' id='word_1_85' title='bbox 370 1610 448 1657; x_wconf 88' lang='lat' dir='ltr'><strong>oerte</strong></span> <span class='ocrx_word' id='word_1_86' title='bbox 468 1618 526 1656; x_wconf 91' lang='lat' dir='ltr'><strong>non</strong></span> <span class='ocrx_word' id='word_1_87' title='bbox 547 1599 613 1656; x_wconf 89' lang='lat' dir='ltr'><strong>tulit</strong></span> <span class='ocrx_word' id='word_1_88' title='bbox 633 1598 706 1654; x_wconf 89' lang='lat' dir='ltr'><strong>ullos</strong></span> <span class='ocrx_word' id='word_1_89' title='bbox 721 1598 782 1654; x_wconf 73' lang='lat' dir='ltr'><strong>haro</strong></span> <span class='ocrx_word' id='word_1_90' title='bbox 796 1597 897 1654; x_wconf 82' lang='lat' dir='ltr'><strong>civitas</strong></span> 
     </span>
     <span class='ocr_line' id='line_1_14' title="bbox 112 1691 896 1771; baseline -0.008 -19"><span class='ocrx_word' id='word_1_91' title='bbox 112 1705 163 1752; x_wconf 86' lang='lat' dir='ltr'><strong>aut</strong></span> <span class='ocrx_word' id='word_1_92' title='bbox 182 1695 275 1771; x_wconf 72' lang='lat' dir='ltr'><strong>gloria</strong></span> <span class='ocrx_word' id='word_1_93' title='bbox 302 1693 447 1764; x_wconf 82' lang='lat' dir='ltr'><strong>clariores,</strong></span> <span class='ocrx_word' id='word_1_94' title='bbox 470 1703 519 1750; x_wconf 87' lang='lat' dir='ltr'><strong>aut</strong></span> <span class='ocrx_word' id='word_1_95' title='bbox 546 1691 716 1750; x_wconf 79' lang='lat' dir='ltr'><strong>auctoritate</strong></span> <span class='ocrx_word' id='word_1_96' title='bbox 742 1691 896 1770; x_wconf 81' lang='lat' dir='ltr'><strong>graviores,</strong></span> 
     </span>
     <span class='ocr_line' id='line_1_15' title="bbox 111 1785 944 1864; baseline -0.006 -18"><span class='ocrx_word' id='word_1_97' title='bbox 111 1799 161 1846; x_wconf 87' lang='lat' dir='ltr'><strong>aut</strong></span> <span class='ocrx_word' id='word_1_98' title='bbox 176 1789 352 1846; x_wconf 84' lang='lat' dir='ltr'><strong>humanitate</strong></span> <span class='ocrx_word' id='word_1_99' title='bbox 364 1788 520 1864; x_wconf 78' lang='lat' dir='ltr'><strong>politiores,</strong></span> <span class='ocrx_word' id='word_1_100' title='bbox 536 1787 567 1844; x_wconf 88' lang='lat' dir='ltr'><strong>P.</strong></span> <span class='ocrx_word' id='word_1_101' title='bbox 582 1786 732 1855; x_wconf 77' lang='lat' dir='ltr'><strong>Africano,</strong></span> <span class='ocrx_word' id='word_1_102' title='bbox 747 1785 780 1842; x_wconf 86' lang='lat' dir='ltr'><strong>C.</strong></span> <span class='ocrx_word' id='word_1_103' title='bbox 796 1785 896 1855; x_wconf 80' lang='lat' dir='ltr'><strong>Laelio,</strong></span> <span class='ocrx_word' id='word_1_104' title='bbox 912 1801 944 1849; x_wconf 82' lang='lat'><strong>15</strong></span> 
     </span>
     <span class='ocr_line' id='line_1_16' title="bbox 111 1881 897 1958; baseline -0.004 -17"><span class='ocrx_word' id='word_1_105' title='bbox 111 1884 145 1942; x_wconf 74' lang='lat' dir='ltr'>L</span> <span class='ocrx_word' id='word_1_106' title='bbox 167 1883 266 1955; x_wconf 81' lang='lat' dir='ltr'><strong>Furio,</strong></span> <span class='ocrx_word' id='word_1_107' title='bbox 287 1884 337 1958; x_wconf 92' lang='lat' dir='ltr'><strong>qui</strong></span> <span class='ocrx_word' id='word_1_108' title='bbox 355 1902 453 1941; x_wconf 86' lang='lat' dir='ltr'><strong>seeum</strong></span> <span class='ocrx_word' id='word_1_109' title='bbox 474 1881 681 1940; x_wconf 87' lang='lat' dir='ltr'><strong>eruditissimos</strong></span> <span class='ocrx_word' id='word_1_110' title='bbox 708 1881 838 1938; x_wconf 86' lang='lat' dir='ltr'><strong>homines</strong></span> <span class='ocrx_word' id='word_1_111' title='bbox 861 1899 897 1938; x_wconf 84' lang='lat' dir='ltr'><strong>ax</strong></span> 
     </span>
     <span class='ocr_line' id='line_1_17' title="bbox 109 1978 896 2055; baseline -0.005 -17"><span class='ocrx_word' id='word_1_112' title='bbox 109 1980 227 2038; x_wconf 70' lang='lat' dir='ltr'><strong>Graeoit</strong></span> <span class='ocrx_word' id='word_1_113' title='bbox 252 1980 345 2055; x_wconf 85' lang='lat' dir='ltr'><strong>palam</strong></span> <span class='ocrx_word' id='word_1_114' title='bbox 371 1997 482 2054; x_wconf 87' lang='lat' dir='ltr'><strong>semper</strong></span> <span class='ocrx_word' id='word_1_115' title='bbox 508 1979 676 2035; x_wconf 89' lang='lat' dir='ltr'><strong>habueruut.</strong></span> <span class='ocrx_word' id='word_1_116' title='bbox 718 1978 815 2052; x_wconf 87' lang='lat' dir='ltr'><strong>Atque</strong></span> <span class='ocrx_word' id='word_1_117' title='bbox 841 1995 896 2053; x_wconf 80' lang='lat' dir='ltr'><strong>ego</strong></span> 
     </span>
     <span class='ocr_line' id='line_1_18' title="bbox 109 2073 895 2152; baseline -0.006 -18"><span class='ocrx_word' id='word_1_118' title='bbox 109 2095 150 2134; x_wconf 85' lang='lat' dir='ltr'><strong>ex</strong></span> <span class='ocrx_word' id='word_1_119' title='bbox 177 2077 240 2134; x_wconf 85' lang='lat' dir='ltr'><strong>istis</strong></span> <span class='ocrx_word' id='word_1_120' title='bbox 258 2095 334 2152; x_wconf 78' lang='lat' dir='ltr'><strong>saepe</strong></span> <span class='ocrx_word' id='word_1_121' title='bbox 358 2075 463 2145; x_wconf 88' lang='lat' dir='ltr'><strong>audivi,</strong></span> <span class='ocrx_word' id='word_1_122' title='bbox 485 2093 552 2146; x_wconf 83' lang='lat' dir='ltr'><strong>oum</strong></span> <span class='ocrx_word' id='word_1_123' title='bbox 573 2073 712 2143; x_wconf 76' lang='lat' dir='ltr'><strong>dicerent,</strong></span> <span class='ocrx_word' id='word_1_124' title='bbox 733 2084 895 2148; x_wconf 80' lang='lat' dir='ltr'><strong>pergratum</strong></span> 
     </span>
     <span class='ocr_line' id='line_1_19' title="bbox 110 2169 896 2245; baseline -0.005 -16"><span class='ocrx_word' id='word_1_125' title='bbox 110 2172 305 2229; x_wconf 74' lang='lat' dir='ltr'><strong>Athenienses</strong></span> <span class='ocrx_word' id='word_1_126' title='bbox 317 2183 347 2228; x_wconf 94' lang='lat' dir='ltr'><strong>et</strong></span> <span class='ocrx_word' id='word_1_127' title='bbox 359 2171 414 2228; x_wconf 87' lang='lat' dir='ltr'><strong>sibi</strong></span> <span class='ocrx_word' id='word_1_128' title='bbox 434 2170 546 2240; x_wconf 82' lang='lat' dir='ltr'><strong>senisse,</strong></span> <span class='ocrx_word' id='word_1_129' title='bbox 561 2181 589 2226; x_wconf 87' lang='lat' dir='ltr'><strong>et</strong></span> <span class='ocrx_word' id='word_1_130' title='bbox 605 2169 700 2226; x_wconf 87' lang='lat' dir='ltr'><strong>multis</strong></span> <span class='ocrx_word' id='word_1_131' title='bbox 719 2170 896 2245; x_wconf 86' lang='lat' dir='ltr'><strong>principibus</strong></span> 
     </span>
     <span class='ocr_line' id='line_1_20' title="bbox 109 2266 944 2343; baseline -0.007 -15"><span class='ocrx_word' id='word_1_132' title='bbox 109 2268 245 2343; x_wconf 78' lang='lat' dir='ltr'><strong>civitatis,</strong></span> <span class='ocrx_word' id='word_1_133' title='bbox 259 2269 345 2343; x_wconf 86' lang='lat' dir='ltr'><strong>quod,</strong></span> <span class='ocrx_word' id='word_1_134' title='bbox 359 2286 427 2324; x_wconf 87' lang='lat' dir='ltr'><strong>eum</strong></span> <span class='ocrx_word' id='word_1_135' title='bbox 447 2268 482 2325; x_wconf 87' lang='lat' dir='ltr'><strong>nd</strong></span> <span class='ocrx_word' id='word_1_136' title='bbox 500 2278 631 2324; x_wconf 87' lang='lat' dir='ltr'><strong>senatum</strong></span> <span class='ocrx_word' id='word_1_137' title='bbox 651 2267 761 2342; x_wconf 85' lang='lat' dir='ltr'><strong>legatos</strong></span> <span class='ocrx_word' id='word_1_138' title='bbox 781 2266 816 2323; x_wconf 89' lang='lat' dir='ltr'><strong>de</strong></span> <span class='ocrx_word' id='word_1_139' title='bbox 837 2268 896 2323; x_wconf 88' lang='lat' dir='ltr'><strong>suis</strong></span> <span class='ocrx_word' id='word_1_140' title='bbox 910 2273 944 2322; x_wconf 77' lang='lat'><strong>20</strong></span> 
     </span>
     <span class='ocr_line' id='line_1_21' title="bbox 109 2361 896 2433; baseline -0.004 -12"><span class='ocrx_word' id='word_1_141' title='bbox 109 2364 243 2422; x_wconf 85' lang='lat' dir='ltr'><strong>maximis</strong></span> <span class='ocrx_word' id='word_1_142' title='bbox 262 2365 347 2421; x_wconf 85' lang='lat' dir='ltr'><strong>rebus</strong></span> <span class='ocrx_word' id='word_1_143' title='bbox 368 2364 520 2433; x_wconf 87' lang='lat' dir='ltr'><strong>mitterent,</strong></span> <span class='ocrx_word' id='word_1_144' title='bbox 536 2374 593 2418; x_wconf 85' lang='lat' dir='ltr'><strong>tres</strong></span> <span class='ocrx_word' id='word_1_145' title='bbox 613 2361 689 2418; x_wconf 90' lang='lat' dir='ltr'><strong>illins</strong></span> <span class='ocrx_word' id='word_1_146' title='bbox 709 2363 799 2418; x_wconf 83' lang='lat' dir='ltr'><strong>aetatis</strong></span> <span class='ocrx_word' id='word_1_147' title='bbox 815 2363 896 2418; x_wconf 88' lang='lat' dir='ltr'><strong>nobi-</strong></span> 
     </span>
     <span class='ocr_line' id='line_1_22' title="bbox 108 2458 894 2535; baseline -0.004 -18"><span class='ocrx_word' id='word_1_148' title='bbox 108 2461 233 2518; x_wconf 85' lang='lat' dir='ltr'><strong>lissimos</strong></span> <span class='ocrx_word' id='word_1_149' title='bbox 258 2459 441 2535; x_wconf 86' lang='lat' dir='ltr'><strong>philosophos</strong></span> <span class='ocrx_word' id='word_1_150' title='bbox 468 2459 620 2527; x_wconf 77' lang='lat' dir='ltr'><strong>misissent,</strong></span> <span class='ocrx_word' id='word_1_151' title='bbox 648 2458 838 2530; x_wconf 76' lang='lat' dir='ltr'><strong>Carneadem,</strong></span> <span class='ocrx_word' id='word_1_152' title='bbox 866 2469 894 2515; x_wconf 88' lang='lat' dir='ltr'><strong>et</strong></span> 
     </span>
     <span class='ocr_line' id='line_1_23' title="bbox 109 2554 894 2630; baseline -0.001 -18"><span class='ocrx_word' id='word_1_153' title='bbox 109 2556 281 2626; x_wconf 74' lang='lat' dir='ltr'><strong>Critolium,</strong></span> <span class='ocrx_word' id='word_1_154' title='bbox 301 2567 330 2612; x_wconf 86' lang='lat' dir='ltr'><strong>et</strong></span> <span class='ocrx_word' id='word_1_155' title='bbox 349 2555 525 2630; x_wconf 81' lang='lat' dir='ltr'><strong>Diogenem:</strong></span> <span class='ocrx_word' id='word_1_156' title='bbox 548 2554 644 2628; x_wconf 88' lang='lat' dir='ltr'><strong>itaque</strong></span> <span class='ocrx_word' id='word_1_157' title='bbox 664 2573 722 2624; x_wconf 89' lang='lat' dir='ltr'><strong>eos,</strong></span> <span class='ocrx_word' id='word_1_158' title='bbox 744 2555 810 2610; x_wconf 93' lang='lat' dir='ltr'><strong>dum</strong></span> <span class='ocrx_word' id='word_1_159' title='bbox 833 2554 894 2611; x_wconf 90' lang='lat' dir='ltr'><strong>Ro·</strong></span> 
     </span>
     <span class='ocr_line' id='line_1_24' title="bbox 108 2650 891 2724; baseline 0.001 -16"><span class='ocrx_word' id='word_1_160' title='bbox 108 2671 164 2710; x_wconf 71' lang='lat' dir='ltr'><strong>mae</strong></span> <span class='ocrx_word' id='word_1_161' title='bbox 184 2663 288 2722; x_wconf 88' lang='lat' dir='ltr'><strong>essent,</strong></span> <span class='ocrx_word' id='word_1_162' title='bbox 302 2664 332 2709; x_wconf 91' lang='lat' dir='ltr'><strong>et</strong></span> <span class='ocrx_word' id='word_1_163' title='bbox 346 2671 362 2708; x_wconf 93' lang='lat' dir='ltr'><strong>a</strong></span> <span class='ocrx_word' id='word_1_164' title='bbox 375 2670 406 2707; x_wconf 89' lang='lat' dir='ltr'><strong>se</strong></span> <span class='ocrx_word' id='word_1_165' title='bbox 420 2661 450 2707; x_wconf 89' lang='lat' dir='ltr'><strong>et</strong></span> <span class='ocrx_word' id='word_1_166' title='bbox 463 2651 498 2707; x_wconf 88' lang='lat' dir='ltr'><strong>ab</strong></span> <span class='ocrx_word' id='word_1_167' title='bbox 512 2650 575 2707; x_wconf 86' lang='lat' dir='ltr'><strong>aliis</strong></span> <span class='ocrx_word' id='word_1_168' title='bbox 589 2651 750 2724; x_wconf 82' lang='lat' dir='ltr'><strong>frequenter</strong></span> <span class='ocrx_word' id='word_1_169' title='bbox 772 2651 891 2709; x_wconf 82' lang='lat' dir='ltr'><strong>auditos.</strong></span> 
     </span>
     <span class='ocr_line' id='line_1_25' title="bbox 106 2745 940 2818; baseline -0.002 -9"><span class='ocrx_word' id='word_1_170' title='bbox 106 2748 193 2809; x_wconf 80' lang='lat' dir='ltr'><strong>Quos</strong></span> <span class='ocrx_word' id='word_1_171' title='bbox 211 2758 243 2805; x_wconf 91' lang='lat' dir='ltr'><strong>tu</strong></span> <span class='ocrx_word' id='word_1_172' title='bbox 263 2766 329 2806; x_wconf 84' lang='lat' dir='ltr'><strong>oum</strong></span> <span class='ocrx_word' id='word_1_173' title='bbox 350 2748 470 2804; x_wconf 87' lang='lat' dir='ltr'><strong>haberes</strong></span> <span class='ocrx_word' id='word_1_174' title='bbox 490 2757 631 2815; x_wconf 77' lang='lat' dir='ltr'><strong>auctores,</strong></span> <span class='ocrx_word' id='word_1_175' title='bbox 652 2745 773 2816; x_wconf 86' lang='lat' dir='ltr'><strong>Antoni,</strong></span> <span class='ocrx_word' id='word_1_176' title='bbox 795 2747 891 2818; x_wconf 89' lang='lat' dir='ltr'><strong>miror,</strong></span> <span class='ocrx_word' id='word_1_177' title='bbox 906 2759 940 2808; x_wconf 64' lang='lat'><strong>25</strong></span> 
     </span>
     <span class='ocr_line' id='line_1_26' title="bbox 108 2842 891 2919; baseline -0.006 -15"><span class='ocrx_word' id='word_1_178' title='bbox 108 2863 161 2904; x_wconf 78' lang='lat' dir='ltr'><strong>our</strong></span> <span class='ocrx_word' id='word_1_179' title='bbox 183 2844 379 2919; x_wconf 72' lang='lat' dir='ltr'><strong>philosophie,</strong></span> <span class='ocrx_word' id='word_1_180' title='bbox 397 2844 473 2900; x_wconf 88' lang='lat' dir='ltr'><strong>siout</strong></span> <span class='ocrx_word' id='word_1_181' title='bbox 494 2843 606 2900; x_wconf 81' lang='lat' dir='ltr'><strong>Zethus</strong></span> <span class='ocrx_word' id='word_1_182' title='bbox 630 2842 677 2898; x_wconf 88' lang='lat' dir='ltr'><strong>ille</strong></span> <span class='ocrx_word' id='word_1_183' title='bbox 702 2842 891 2914; x_wconf 88' lang='lat' dir='ltr'><strong>Paourianus‚</strong></span> 
     </span>
     <span class='ocr_line' id='line_1_27' title="bbox 106 2938 893 3016; baseline -0.005 -19"><span class='ocrx_word' id='word_1_184' title='bbox 106 2959 196 3016; x_wconf 84' lang='lat' dir='ltr'><strong>prope</strong></span> <span class='ocrx_word' id='word_1_185' title='bbox 217 2939 322 2996; x_wconf 90' lang='lat' dir='ltr'><strong>bellum</strong></span> <span class='ocrx_word' id='word_1_186' title='bbox 343 2939 487 2996; x_wconf 85' lang='lat' dir='ltr'><strong>indixeris.</strong></span> <span class='ocrx_word' id='word_1_187' title='bbox 537 2938 668 3007; x_wconf 86' lang='lat' dir='ltr'><strong>Minime,</strong></span> <span class='ocrx_word' id='word_1_188' title='bbox 689 2938 781 3012; x_wconf 90' lang='lat' dir='ltr'><strong>inquit</strong></span> <span class='ocrx_word' id='word_1_189' title='bbox 801 2939 893 2995; x_wconf 90' lang='lat' dir='ltr'><strong>Auto-</strong></span> 
     </span>
     <span class='ocr_line' id='line_1_28' title="bbox 106 3032 893 3108; baseline -0.009 -15"><span class='ocrx_word' id='word_1_190' title='bbox 106 3036 190 3094; x_wconf 84' lang='lat' dir='ltr'><strong>uius:</strong></span> <span class='ocrx_word' id='word_1_191' title='bbox 224 3054 260 3093; x_wconf 87' lang='lat' dir='ltr'><strong>ao</strong></span> <span class='ocrx_word' id='word_1_192' title='bbox 283 3035 329 3092; x_wconf 86' lang='lat' dir='ltr'><strong>sio</strong></span> <span class='ocrx_word' id='word_1_193' title='bbox 357 3034 472 3092; x_wconf 81' lang='lat' dir='ltr'><strong>deorevi</strong></span> <span class='ocrx_word' id='word_1_194' title='bbox 502 3032 697 3108; x_wconf 77' lang='lat' dir='ltr'><strong>philosophari</strong></span> <span class='ocrx_word' id='word_1_195' title='bbox 729 3032 834 3107; x_wconf 88' lang='lat' dir='ltr'><strong>potius,</strong></span> <span class='ocrx_word' id='word_1_196' title='bbox 861 3041 893 3086; x_wconf 93' lang='lat' dir='ltr'><strong>ut</strong></span> 
     </span>
    </p>
   </div>
   <div class='ocr_carea' id='block_1_4' title="bbox 0 0 1060 3417">
    <p class='ocr_par' dir='ltr' id='par_1_4' title="bbox 0 0 1060 3417">
     <span class='ocr_line' id='line_1_29' title="bbox 0 0 1060 3417; baseline 0 1"><span class='ocrx_word' id='word_1_197' title='bbox 0 0 1060 3417; x_wconf 95' lang='lat' dir='ltr'><strong> </strong></span> 
     </span>
    </p>
   </div>
  </div>
 </body>
</html>
