2109 3417
113 326 195 387 nn]
395 324 439 373 ns
459 322 623 373 ortanoun.
904 306 947 367 ot

113 474 223 533 sistitur
249 472 412 549 aliquando,
440 491 475 532 ae
499 491 559 531 nou
586 472 643 531 ista
674 470 813 530 brevitate
837 486 902 547 per·

114 570 247 627 curritur.
288 570 426 646 Apertam
447 570 525 627 euim
545 569 738 627 narrationem
757 578 815 626 tarn
836 584 899 625 esse

114 676 236 741 oportet,
257 684 342 741 quatu
367 676 480 723 oetera:
507 666 558 723 sed
586 665 642 723 hoo
667 665 759 741 magis
785 665 816 721 in
844 663 899 722 hae

114 761 318 819 elaborandum
331 772 384 834 est,
399 762 473 837 qaod
487 771 517 819 et
529 761 675 820 difficilius
695 770 748 833 est,
762 779 820 819 non
836 778 900 818 esse

114 856 267 915 obscurum
282 857 312 915 in
326 876 357 915 re
371 851 522 930 narranda,
537 876 621 934 qutun
641 866 689 915 aut
703 857 732 914 iu
745 855 897 933 prineipio,
912 857 929 906 5

113 963 164 1010 aut
177 952 206 1010 in
221 963 398 1029 argumento,
414 964 463 1011 aut
481 953 511 1011 iu
532 953 690 1030 purgando,
705 963 754 1011 aut
771 953 802 1010 in
819 971 900 1029 pero·

112 1049 218 1107 raudo:
246 1058 275 1106 et
295 1049 402 1125 majore
424 1049 554 1125 periculo
581 1049 643 1107 haee
668 1068 733 1126 pars
759 1049 899 1106 orationis

112 1144 235 1205 obseura
254 1154 307 1217 est,
321 1164 406 1221 quam
426 1154 539 1216 oetera3
560 1145 605 1203 vel
625 1145 701 1221 quia,
721 1145 745 1203 si
765 1164 822 1222 quo
843 1144 899 1203 elio

113 1240 144 1299 in
163 1241 230 1299 looo
248 1251 293 1299 est
318 1241 427 1299 dietum
453 1240 522 1317 quid
549 1240 709 1313 obscurius,
725 1251 841 1299 tantum
869 1240 898 1298 id

113 1338 196 1413 perit,
223 1336 300 1413 quod
325 1337 367 1394 ita
392 1336 501 1394 dietum
527 1346 588 1395 est:
622 1337 749 1394 narratio
775 1338 899 1395 obseura
914 1336 945 1387 1⁰

113 1442 202 1491 totam
222 1434 350 1491 oboaeoat
369 1432 528 1490 orationem
538 1452 545 1502 ;
566 1431 610 1489 rel
626 1431 701 1506 quod
722 1431 778 1489 alia
795 1433 898 1508 possis,

113 1528 201 1587 semel
232 1528 258 1586 si
288 1528 438 1586 obscurius
470 1527 586 1598 dixeris,
614 1526 711 1585 dioero
745 1528 801 1584 alio
833 1528 898 1585 loeo

113 1624 242 1702 planius3
270 1622 442 1683 narrationis
467 1642 543 1680 unus
569 1622 666 1680 estin
694 1622 781 1680 oausi
807 1624 897 1682 loeus.

113 1720 178 1780 Erit
198 1731 293 1778 autem
311 1719 473 1797 perspicua·
481 1718 617 1791 narratio,
632 1718 657 1776 si
671 1718 765 1776 verbis
779 1718 899 1786 usitatis,

113 1816 139 1875 ai
158 1816 260 1874 ordine
285 1826 445 1891 temporum
471 1825 650 1889 oonserrato,
676 1814 702 1873 si
728 1833 788 1873 nou
814 1814 945 1873 inter-15

113 1922 197 1989 rupte
209 1912 379 1971 narrabitur.

153 2105 295 2165 LXXXI.
327 2106 396 2178 Sed,
412 2106 527 2183 quando
547 2105 685 2164 utendum
705 2103 752 2176 sit,
773 2113 899 2163 autnon

113 2202 161 2274 sit,
181 2202 355 2275 narratione,
376 2202 405 2259 id
426 2212 469 2279 est
488 2201 620 2259 consilii:
647 2219 740 2275 neque
766 2200 853 2273 enirn,
874 2200 899 2258 si

114 2308 250 2355 notares
269 2308 321 2370 est,
342 2316 398 2356 neo
417 2296 442 2355 si
462 2316 522 2355 non
548 2296 678 2367 dubium,
698 2296 766 2372 quid
788 2305 899 2373 gestum

116 2392 163 2463 sit,
177 2394 285 2451 narrari
304 2403 426 2470 oportet,
442 2413 498 2452 neo
517 2393 542 2451 si
563 2392 741 2450 adversarius
759 2392 898 2463 narrarit3
914 2402 947 2453 20

115 2487 172 2546 nisi
192 2488 217 2545 si
236 2489 407 2548 refellemus.
454 2490 510 2564 Ao,
533 2489 556 2547 si
576 2488 690 2565 quando
710 2488 766 2545 erit
785 2506 901 2546 narran-

116 2575 195 2655 dum,
228 2602 284 2641 neo
316 2584 375 2656 illa,
409 2602 472 2659 quae
504 2584 696 2660 suspicionem
729 2593 758 2641 et
790 2584 901 2643 crimen

116 2678 252 2751 efficient,
279 2688 437 2755 oontroque
467 2698 522 2736 nos
554 2690 646 2750 erunt,
675 2679 778 2737 aeriter
805 2698 902 2756 perse·

115 2792 245 2853 quamur,
272 2785 311 2848 et,
332 2774 471 2851 quidquid
495 2775 610 2851 poterit,
631 2775 829 2848 detrahamus3
864 2795 901 2834 ne

115 2872 197 2945 illud,
211 2872 286 2947 quod
307 2871 436 2943 Crassus,
451 2870 475 2929 si
493 2871 608 2946 quaudo
628 2869 686 2943 fiat,
701 2871 829 2947 perfidia,
844 2890 900 2931 non
915 2884 947 2934 25

114 2968 247 3043 metit,
261 2967 324 3027 tisri
336 2977 426 3045 putat,
440 2978 473 3027 ut
485 2986 581 3029 eausa
594 2984 760 3043 nooeamus,
772 2969 900 3028 aooidet:

329 3104 331 3108 .
350 3063 396 3123 6·
