2109 3417
111 253 153 311 56
433 262 476 309 os
498 262 663 310 orsaorsa.
874 261 943 321 [ar.

157 408 418 485 quantulacumque
450 421 503 482 cst,
532 411 668 470 facultate
694 409 831 486 queritis,
859 427 944 486 cxpc-

157 524 223 562 nam
238 506 318 562 vobis
331 506 484 581 quandam,
499 526 558 564 non
573 518 623 565 aut
641 506 881 583 perreconditam,
896 516 945 564 aut

157 602 239 659 valde
266 602 422 674 difficilem,
450 614 499 661 aut
525 604 718 680 magnificam,
748 613 798 661 aut
828 620 944 681 grauem

157 699 296 756 rationem
318 699 535 757 consuetudinis
554 718 635 772 rocas,
649 701 707 775 qui
719 700 863 774 quondum
878 699 945 756 soii·

127 803 203 854 ttus
226 812 289 851 sum
313 794 365 865 uti,
390 813 455 851 cum
484 778 555 853 mihi
578 796 608 853 in
631 796 687 853 isto
712 796 810 852 studio
836 794 943 853 versari

158 888 334 948 adolescenti
354 891 468 949 licebat.
510 892 590 950 Tum
616 892 773 968 Sulpicius,
801 891 829 949 Ο
855 892 942 962 diem,

158 985 254 1056 Cotta,
268 987 361 1058 nobis,
374 986 478 1061 inquit,
492 990 636 1063 optatum!
656 988 733 1064 quod
753 988 830 1046 caim
848 1005 943 1063 usquc

156 1081 291 1157 precibus
311 1102 446 1159 unquam,
459 1102 515 1142 nec
536 1083 710 1155 insidiando,
724 1102 780 1142 nco
794 1083 944 1160 speculam

157 1179 195 1237 do
228 1179 340 1254 assequi
372 1180 464 1255 potui,
498 1190 542 1251 ut,
576 1180 643 1256 quid
679 1180 801 1238 Crassus
834 1190 942 1257 ageret,

112 1290 144 1339 to
159 1276 315 1333 meditandi
336 1288 385 1334 aut
405 1276 521 1334 dicendi
543 1277 641 1347 causi,
662 1296 719 1334 nou
739 1276 826 1334 modo
845 1276 943 1334 vidore

157 1371 239 1442 mihi,
261 1372 310 1429 sed
332 1391 368 1429 ex
393 1373 455 1448 ejus
482 1373 622 1449 scriptore
642 1383 672 1431 et
690 1373 798 1430 lectore
825 1372 944 1449 Diphilo

158 1468 297 1543 suspicari
324 1468 440 1538 liceret3
476 1468 505 1525 id
533 1487 617 1544 spero
643 1488 697 1526 nos
723 1488 787 1526 esse
816 1469 942 1543 adeptos,

158 1565 310 1642 omniaque
327 1566 387 1643 jam
405 1584 441 1623 cx
459 1565 532 1641 ipso,
546 1584 610 1640 quta
624 1565 673 1623 diu
688 1565 831 1641 cupimus,
845 1564 944 1643 cogui-

157 1672 245 1720 turos.

113 1866 144 1915 15
198 1854 315 1913 XXXI.
342 1854 420 1914 Tum
447 1855 580 1928 Crassus,
603 1854 694 1931 Atqui
722 1856 851 1929 arbitror,
879 1855 944 1915 sat·

157 1952 227 2028 pici,
248 1970 314 2009 cum
336 1952 470 2024 audiaris,
491 1971 550 2010 non
574 1963 632 2011 tam
653 1962 682 2009 tc
702 1952 765 2010 hacc
792 1953 944 2011 admiratu·

106 2078 109 2088 Α
157 2067 231 2118 rum,
259 2066 322 2122 quae
355 2047 465 2119 dixcro,
492 2067 576 2123 quam
605 2047 843 2121 existimaturum,
871 2058 942 2122 tum,

156 2162 225 2200 cum
246 2144 398 2201 coaudire
419 2144 565 2219 cupiebas,
586 2162 713 2215 causam,
735 2163 786 2202 cur
813 2162 943 2220 cuperes,

158 2258 214 2297 non
245 2239 340 2297 fuisse.
395 2240 475 2297 Nihil
510 2239 587 2297 enim
620 2240 716 2297 dicam
750 2240 943 2313 reconditum,

110 2345 144 2396 2⁰
158 2335 229 2393 nihii
263 2336 476 2411 exspectatione
506 2335 600 2393 vestri
633 2335 762 2412 dignum,
789 2336 860 2393 nihii
895 2348 945 2395 aut

159 2431 319 2490 inauditum
346 2431 436 2502 vobis,
464 2441 513 2489 aut
539 2431 673 2507 cuiquam
699 2451 812 2490 novum.
865 2432 945 2491 Nam

158 2528 302 2605 principio
322 2528 402 2599 illud,
423 2529 499 2602 quod
520 2538 564 2586 cst
584 2529 701 2586 homine
727 2529 855 2604 ingenuo
875 2529 946 2587 libc-

160 2625 312 2699 raiiterquc
332 2626 455 2682 educato
475 2624 604 2701 dignum,
619 2643 678 2683 nou
699 2625 811 2701 negabo
829 2644 876 2683 me
890 2626 947 2685 istu
1042 2672 1045 2698 ,

159 2721 288 2779 omnium
315 2720 529 2779 communicet
553 2720 678 2779 contrita
702 2731 846 2797 precepta
872 2720 945 2779 didi·

110 2832 146 2883 25
160 2818 251 2875 cissa:
271 2818 404 2893 primum,
418 2816 538 2875 oratoris
555 2816 683 2875 officium
703 2836 775 2889 essa,
792 2817 889 2875 dicare
907 2817 945 2875 ud

157 2913 386 2991 persuadendum
409 2912 643 2970 accommodate:
668 2912 782 2984 deindo,
802 2930 865 2969 asse
884 2929 945 2969 om·

157 3028 227 3069 uam
249 3008 407 3069 orationem
434 3018 482 3069 aut
504 3008 541 3067 dc
563 3006 683 3069 infinita
709 3007 750 3067 rai
776 3005 944 3085 quoestiouc,
