<?xml version="1.0" encoding="UTF-8"?>
<!DOCTYPE html PUBLIC "-//W3C//DTD XHTML 1.0 Transitional//EN"
    "http://www.w3.org/TR/xhtml1/DTD/xhtml1-transitional.dtd">
<html xmlns="http://www.w3.org/1999/xhtml" xml:lang="en" lang="en">
 <head>
  <title>
</title>
<meta http-equiv="Content-Type" content="text/html;charset=utf-8" />
  <meta name='ocr-system' content='tesseract 3.04.00' />
  <meta name='ocr-capabilities' content='ocr_page ocr_carea ocr_par ocr_line ocrx_word'/>
</head>
<body>
  <div class='ocr_page' id='page_1' title='image "./mtciceronisadqu00dillgoog_0256.png"; bbox 0 0 2109 3417; ppageno 0'>
   <div class='ocr_carea' id='block_1_1' title="bbox 436 266 1039 345">
    <p class='ocr_par' dir='ltr' id='par_1_1' title="bbox 436 266 1039 345">
     <span class='ocr_line' id='line_1_1' title="bbox 436 266 1039 345; baseline 0.005 -16"><span class='ocrx_word' id='word_1_1' title='bbox 436 282 480 329; x_wconf 84' lang='lat' dir='ltr'><strong>nn</strong></span> <span class='ocrx_word' id='word_1_2' title='bbox 501 281 665 329; x_wconf 74' lang='lat' dir='ltr'><strong>carrona.</strong></span> <span class='ocrx_word' id='word_1_3' title='bbox 865 284 940 345; x_wconf 78' lang='lat' dir='ltr'><strong>[nn</strong></span> <span class='ocrx_word' id='word_1_4' title='bbox 1033 266 1039 289; x_wconf 91' lang='grc'><em>“</em></span> 
     </span>
    </p>
   </div>
   <div class='ocr_carea' id='block_1_2' title="bbox 164 430 942 506">
    <p class='ocr_par' dir='ltr' id='par_1_2' title="bbox 164 430 942 506">
     <span class='ocr_line' id='line_1_2' title="bbox 164 430 942 506; baseline 0.008 -21"><span class='ocrx_word' id='word_1_5' title='bbox 164 448 249 505; x_wconf 88' lang='lat' dir='ltr'><strong>quam</strong></span> <span class='ocrx_word' id='word_1_6' title='bbox 269 439 363 489; x_wconf 78' lang='lat' dir='ltr'><strong>eastra</strong></span> <span class='ocrx_word' id='word_1_7' title='bbox 381 431 502 489; x_wconf 86' lang='lat' dir='ltr'><strong>videris:</strong></span> <span class='ocrx_word' id='word_1_8' title='bbox 526 450 562 489; x_wconf 86' lang='lat' dir='ltr'><strong>en</strong></span> <span class='ocrx_word' id='word_1_9' title='bbox 583 430 776 506; x_wconf 79' lang='lat' dir='ltr'><strong>eloquentiae&#39;l</strong></span> <span class='ocrx_word' id='word_1_10' title='bbox 792 448 855 506; x_wconf 76' lang='lat' dir='ltr'><strong>quar</strong></span> <span class='ocrx_word' id='word_1_11' title='bbox 868 432 942 491; x_wconf 88' lang='lat' dir='ltr'><strong>nulla</strong></span> 
     </span>
    </p>
   </div>
   <div class='ocr_carea' id='block_1_3' title="bbox 164 527 1039 605">
    <p class='ocr_par' dir='ltr' id='par_1_3' title="bbox 164 527 1039 605">
     <span class='ocr_line' id='line_1_3' title="bbox 164 527 1039 605; baseline 0.005 -22"><span class='ocrx_word' id='word_1_12' title='bbox 164 536 207 583; x_wconf 84' lang='lat' dir='ltr'><strong>est</strong></span> <span class='ocrx_word' id='word_1_13' title='bbox 235 527 264 584; x_wconf 94' lang='lat' dir='ltr'><strong>in</strong></span> <span class='ocrx_word' id='word_1_14' title='bbox 290 537 335 584; x_wconf 89' lang='lat' dir='ltr'><strong>te:</strong></span> <span class='ocrx_word' id='word_1_15' title='bbox 370 539 408 599; x_wconf 90' lang='lat' dir='ltr'><strong>et,</strong></span> <span class='ocrx_word' id='word_1_16' title='bbox 435 528 574 603; x_wconf 91' lang='lat' dir='ltr'><strong>quidquid</strong></span> <span class='ocrx_word' id='word_1_17' title='bbox 595 538 638 585; x_wconf 88' lang='lat' dir='ltr'><strong>est</strong></span> <span class='ocrx_word' id='word_1_18' title='bbox 664 528 743 585; x_wconf 86' lang='lat' dir='ltr'><strong>vocis</strong></span> <span class='ocrx_word' id='word_1_19' title='bbox 770 546 804 585; x_wconf 88' lang='lat' dir='ltr'><strong>ac</strong></span> <span class='ocrx_word' id='word_1_20' title='bbox 830 528 941 605; x_wconf 81' lang='lat' dir='ltr'><strong>lingue,</strong></span> <span class='ocrx_word' id='word_1_21' title='bbox 1038 602 1039 605; x_wconf 7' lang='grc' dir='ltr'><strong>Ἴ</strong></span> 
     </span>
    </p>
   </div>
   <div class='ocr_carea' id='block_1_4' title="bbox 131 624 943 890">
    <p class='ocr_par' dir='ltr' id='par_1_4' title="bbox 131 624 943 890">
     <span class='ocr_line' id='line_1_4' title="bbox 163 624 942 700; baseline 0.005 -21"><span class='ocrx_word' id='word_1_22' title='bbox 163 640 249 680; x_wconf 89' lang='lat' dir='ltr'><strong>omne</strong></span> <span class='ocrx_word' id='word_1_23' title='bbox 269 624 298 680; x_wconf 90' lang='lat' dir='ltr'><strong>in</strong></span> <span class='ocrx_word' id='word_1_24' title='bbox 319 624 405 681; x_wconf 89' lang='lat' dir='ltr'><strong>istum</strong></span> <span class='ocrx_word' id='word_1_25' title='bbox 426 625 621 700; x_wconf 88' lang='lat' dir='ltr'><strong>turpissimum</strong></span> <span class='ocrx_word' id='word_1_26' title='bbox 642 624 793 681; x_wconf 76' lang='lat' dir='ltr'><strong>calumnie</strong></span> <span class='ocrx_word' id='word_1_27' title='bbox 808 636 942 699; x_wconf 77' lang='lat' dir='ltr'><strong>questum</strong></span> 
     </span>
     <span class='ocr_line' id='line_1_5' title="bbox 164 722 943 797; baseline 0.004 -19"><span class='ocrx_word' id='word_1_28' title='bbox 164 722 318 779; x_wconf 81' lang='lat' dir='ltr'><strong>contulisti.</strong></span> <span class='ocrx_word' id='word_1_29' title='bbox 359 722 408 779; x_wconf 89' lang='lat' dir='ltr'><strong>Tu</strong></span> <span class='ocrx_word' id='word_1_30' title='bbox 431 723 526 779; x_wconf 90' lang='lat' dir='ltr'><strong>lucem</strong></span> <span class='ocrx_word' id='word_1_31' title='bbox 551 722 678 797; x_wconf 81' lang='lat' dir='ltr'><strong>aspicere</strong></span> <span class='ocrx_word' id='word_1_32' title='bbox 703 722 810 780; x_wconf 83' lang='lat' dir='ltr'><strong>audesl</strong></span> <span class='ocrx_word' id='word_1_33' title='bbox 840 732 872 780; x_wconf 92' lang='lat' dir='ltr'><strong>tu</strong></span> <span class='ocrx_word' id='word_1_34' title='bbox 893 723 943 781; x_wconf 89' lang='lat' dir='ltr'><strong>hos</strong></span> 
     </span>
     <span class='ocr_line' id='line_1_6' title="bbox 131 818 942 890; baseline 0.002 -16"><span class='ocrx_word' id='word_1_35' title='bbox 131 826 149 874; x_wconf 76' lang='lat'>5</span> <span class='ocrx_word' id='word_1_36' title='bbox 164 818 288 875; x_wconf 85' lang='lat' dir='ltr'><strong>intueril</strong></span> <span class='ocrx_word' id='word_1_37' title='bbox 308 828 339 875; x_wconf 86' lang='lat' dir='ltr'><strong>tu</strong></span> <span class='ocrx_word' id='word_1_38' title='bbox 354 818 384 875; x_wconf 89' lang='lat' dir='ltr'><strong>in</strong></span> <span class='ocrx_word' id='word_1_39' title='bbox 399 818 471 889; x_wconf 86' lang='lat' dir='ltr'><strong>foro,</strong></span> <span class='ocrx_word' id='word_1_40' title='bbox 486 828 517 874; x_wconf 89' lang='lat' dir='ltr'><strong>tu</strong></span> <span class='ocrx_word' id='word_1_41' title='bbox 531 818 561 875; x_wconf 90' lang='lat' dir='ltr'><strong>in</strong></span> <span class='ocrx_word' id='word_1_42' title='bbox 575 820 655 890; x_wconf 92' lang='lat' dir='ltr'><strong>urbe,</strong></span> <span class='ocrx_word' id='word_1_43' title='bbox 670 829 700 875; x_wconf 90' lang='lat' dir='ltr'><strong>tu</strong></span> <span class='ocrx_word' id='word_1_44' title='bbox 716 819 744 876; x_wconf 90' lang='lat' dir='ltr'><strong>in</strong></span> <span class='ocrx_word' id='word_1_45' title='bbox 760 818 864 876; x_wconf 87' lang='lat' dir='ltr'><strong>civium</strong></span> <span class='ocrx_word' id='word_1_46' title='bbox 881 838 942 876; x_wconf 88' lang='lat' dir='ltr'><strong>esse</strong></span> 
     </span>
    </p>
   </div>
   <div class='ocr_carea' id='block_1_5' title="bbox 163 898 1039 992">
    <p class='ocr_par' dir='ltr' id='par_1_5' title="bbox 163 898 1039 992">
     <span class='ocr_line' id='line_1_7' title="bbox 163 898 1039 992; baseline 0.002 -21"><span class='ocrx_word' id='word_1_47' title='bbox 163 916 338 990; x_wconf 79' lang='lat' dir='ltr'><strong>conspectui</strong></span> <span class='ocrx_word' id='word_1_48' title='bbox 357 924 389 970; x_wconf 89' lang='lat' dir='ltr'><strong>tu</strong></span> <span class='ocrx_word' id='word_1_49' title='bbox 404 914 481 971; x_wconf 85' lang='lat' dir='ltr'><strong>illam</strong></span> <span class='ocrx_word' id='word_1_50' title='bbox 495 924 647 986; x_wconf 89' lang='lat' dir='ltr'><strong>mortuam,</strong></span> <span class='ocrx_word' id='word_1_51' title='bbox 661 924 692 971; x_wconf 86' lang='lat' dir='ltr'><strong>tu</strong></span> <span class='ocrx_word' id='word_1_52' title='bbox 707 915 847 992; x_wconf 82' lang='lat' dir='ltr'>imagines</span> <span class='ocrx_word' id='word_1_53' title='bbox 861 916 942 991; x_wconf 87' lang='lat' dir='ltr'><strong>ipsas,</strong></span> <span class='ocrx_word' id='word_1_54' title='bbox 1038 898 1039 923; x_wconf 36' lang='lat' dir='ltr'><strong>i</strong></span> 
     </span>
    </p>
   </div>
   <div class='ocr_carea' id='block_1_6' title="bbox 162 1010 943 1085">
    <p class='ocr_par' dir='ltr' id='par_1_6' title="bbox 162 1010 943 1085">
     <span class='ocr_line' id='line_1_8' title="bbox 162 1010 943 1085; baseline -0.001 -17"><span class='ocrx_word' id='word_1_55' title='bbox 162 1030 221 1068; x_wconf 90' lang='lat' dir='ltr'><strong>non</strong></span> <span class='ocrx_word' id='word_1_56' title='bbox 240 1010 454 1085; x_wconf 68' lang='lat' dir='ltr'>perhorrescis?</span> <span class='ocrx_word' id='word_1_57' title='bbox 475 1010 578 1085; x_wconf 92' lang='lat' dir='ltr'><strong>quibus</strong></span> <span class='ocrx_word' id='word_1_58' title='bbox 597 1030 656 1068; x_wconf 89' lang='lat' dir='ltr'><strong>non</strong></span> <span class='ocrx_word' id='word_1_59' title='bbox 682 1012 768 1069; x_wconf 91' lang='lat' dir='ltr'><strong>modo</strong></span> <span class='ocrx_word' id='word_1_60' title='bbox 790 1011 943 1083; x_wconf 83' lang='lat' dir='ltr'><strong>imitandis,</strong></span> 
     </span>
    </p>
   </div>
   <div class='ocr_carea' id='block_1_7' title="bbox 162 1106 1039 1187">
    <p class='ocr_par' dir='ltr' id='par_1_7' title="bbox 162 1106 1039 1187">
     <span class='ocr_line' id='line_1_9' title="bbox 162 1106 1039 1187; baseline 0.002 -23"><span class='ocrx_word' id='word_1_61' title='bbox 162 1107 213 1164; x_wconf 87' lang='lat' dir='ltr'><strong>sed</strong></span> <span class='ocrx_word' id='word_1_62' title='bbox 236 1126 273 1163; x_wconf 91' lang='lat' dir='ltr'><strong>ne</strong></span> <span class='ocrx_word' id='word_1_63' title='bbox 297 1106 474 1165; x_wconf 78' lang='lat' dir='ltr'><strong>collocandis</strong></span> <span class='ocrx_word' id='word_1_64' title='bbox 501 1107 626 1182; x_wconf 87' lang='lat' dir='ltr'><strong>quidem,</strong></span> <span class='ocrx_word' id='word_1_65' title='bbox 654 1108 706 1165; x_wconf 91' lang='lat' dir='ltr'><strong>tibi</strong></span> <span class='ocrx_word' id='word_1_66' title='bbox 732 1108 822 1166; x_wconf 91' lang='lat' dir='ltr'><strong>ullum</strong></span> <span class='ocrx_word' id='word_1_67' title='bbox 848 1108 943 1167; x_wconf 89' lang='lat' dir='ltr'><strong>locum</strong></span> <span class='ocrx_word' id='word_1_68' title='bbox 1038 1150 1039 1187; x_wconf 61' lang='lat'>3</span> 
     </span>
    </p>
   </div>
   <div class='ocr_carea' id='block_1_8' title="bbox 162 1202 329 1277">
    <p class='ocr_par' dir='ltr' id='par_1_8' title="bbox 162 1202 329 1277">
     <span class='ocr_line' id='line_1_10' title="bbox 162 1202 329 1277; baseline 0 -18"><span class='ocrx_word' id='word_1_69' title='bbox 162 1202 329 1277; x_wconf 91' lang='lat' dir='ltr'><strong>reliquisti.&#39;’</strong></span> 
     </span>
    </p>
   </div>
   <div class='ocr_carea' id='block_1_9' title="bbox 115 1394 945 1550">
    <p class='ocr_par' dir='ltr' id='par_1_9' title="bbox 115 1394 945 1550">
     <span class='ocr_line' id='line_1_11' title="bbox 115 1394 945 1473; baseline 0.002 -20"><span class='ocrx_word' id='word_1_70' title='bbox 115 1406 146 1455; x_wconf 88' lang='lat'><strong>1⁰</strong></span> <span class='ocrx_word' id='word_1_71' title='bbox 199 1394 276 1454; x_wconf 88' lang='lat' dir='ltr'>LVI.</span> <span class='ocrx_word' id='word_1_72' title='bbox 308 1395 367 1453; x_wconf 81' lang='lat' dir='ltr'><strong>Sed</strong></span> <span class='ocrx_word' id='word_1_73' title='bbox 387 1396 450 1453; x_wconf 78' lang='lat' dir='ltr'><strong>hec</strong></span> <span class='ocrx_word' id='word_1_74' title='bbox 469 1396 581 1473; x_wconf 83' lang='lat' dir='ltr'><strong>tragica</strong></span> <span class='ocrx_word' id='word_1_75' title='bbox 601 1406 685 1472; x_wconf 86' lang='lat' dir='ltr'><strong>atque</strong></span> <span class='ocrx_word' id='word_1_76' title='bbox 712 1396 824 1454; x_wconf 86' lang='lat' dir='ltr'><strong>divina:</strong></span> <span class='ocrx_word' id='word_1_77' title='bbox 852 1398 945 1455; x_wconf 84' lang='lat' dir='ltr'><strong>faceta</strong></span> 
     </span>
     <span class='ocr_line' id='line_1_12' title="bbox 162 1492 945 1550; baseline 0 -1"><span class='ocrx_word' id='word_1_78' title='bbox 162 1502 257 1550; x_wconf 85' lang='lat' dir='ltr'><strong>autem</strong></span> <span class='ocrx_word' id='word_1_79' title='bbox 277 1501 306 1549; x_wconf 86' lang='lat' dir='ltr'><strong>et</strong></span> <span class='ocrx_word' id='word_1_80' title='bbox 326 1493 436 1550; x_wconf 88' lang='lat' dir='ltr'><strong>urbana</strong></span> <span class='ocrx_word' id='word_1_81' title='bbox 456 1492 675 1550; x_wconf 84' lang='lat' dir='ltr'><strong>innumerabilia</strong></span> <span class='ocrx_word' id='word_1_82' title='bbox 695 1510 730 1549; x_wconf 88' lang='lat' dir='ltr'><strong>ex</strong></span> <span class='ocrx_word' id='word_1_83' title='bbox 749 1493 808 1550; x_wconf 69' lang='lat' dir='ltr'><strong>uuir</strong></span> <span class='ocrx_word' id='word_1_84' title='bbox 829 1504 945 1550; x_wconf 88' lang='lat' dir='ltr'><strong>conten·</strong></span> 
     </span>
    </p>
   </div>
   <div class='ocr_carea' id='block_1_10' title="bbox 161 1588 1039 1665">
    <p class='ocr_par' dir='ltr' id='par_1_10' title="bbox 161 1588 1039 1665">
     <span class='ocr_line' id='line_1_13' title="bbox 161 1588 1039 1665; baseline 0.005 -20"><span class='ocrx_word' id='word_1_85' title='bbox 161 1589 240 1646; x_wconf 90' lang='lat' dir='ltr'><strong>tione</strong></span> <span class='ocrx_word' id='word_1_86' title='bbox 260 1588 447 1646; x_wconf 81' lang='lat' dir='ltr'><strong>meministis:</strong></span> <span class='ocrx_word' id='word_1_87' title='bbox 473 1606 529 1645; x_wconf 89' lang='lat' dir='ltr'><strong>nec</strong></span> <span class='ocrx_word' id='word_1_88' title='bbox 550 1588 627 1645; x_wconf 91' lang='lat' dir='ltr'><strong>enim</strong></span> <span class='ocrx_word' id='word_1_89' title='bbox 654 1588 757 1647; x_wconf 88' lang='lat' dir='ltr'><strong>concio</strong></span> <span class='ocrx_word' id='word_1_90' title='bbox 785 1590 874 1665; x_wconf 87' lang='lat' dir='ltr'><strong>major</strong></span> <span class='ocrx_word' id='word_1_91' title='bbox 894 1608 946 1646; x_wconf 92' lang='lat' dir='ltr'><strong>un·</strong></span> <span class='ocrx_word' id='word_1_92' title='bbox 1038 1642 1039 1649; x_wconf 72' lang='grc'>,</span> 
     </span>
    </p>
   </div>
   <div class='ocr_carea' id='block_1_11' title="bbox 112 1685 950 2914">
    <p class='ocr_par' dir='ltr' id='par_1_11' title="bbox 114 1685 944 1953">
     <span class='ocr_line' id='line_1_14' title="bbox 162 1685 944 1762; baseline 0 -19"><span class='ocrx_word' id='word_1_93' title='bbox 162 1704 247 1762; x_wconf 85' lang='lat' dir='ltr'><strong>quarn</strong></span> <span class='ocrx_word' id='word_1_94' title='bbox 273 1685 336 1756; x_wconf 87' lang='lat' dir='ltr'><strong>suit,</strong></span> <span class='ocrx_word' id='word_1_95' title='bbox 357 1703 412 1742; x_wconf 90' lang='lat' dir='ltr'><strong>nec</strong></span> <span class='ocrx_word' id='word_1_96' title='bbox 439 1685 514 1761; x_wconf 79' lang='lat' dir='ltr'><strong>apud</strong></span> <span class='ocrx_word' id='word_1_97' title='bbox 541 1685 676 1761; x_wconf 91' lang='lat' dir='ltr'><strong>populum</strong></span> <span class='ocrx_word' id='word_1_98' title='bbox 703 1686 815 1761; x_wconf 84' lang='lat' dir='ltr'><strong>gravior</strong></span> <span class='ocrx_word' id='word_1_99' title='bbox 842 1686 944 1754; x_wconf 86' lang='lat' dir='ltr'><strong>oratio,</strong></span> 
     </span>
     <span class='ocr_line' id='line_1_15' title="bbox 161 1780 944 1858; baseline 0.001 -20"><span class='ocrx_word' id='word_1_100' title='bbox 161 1800 247 1857; x_wconf 85' lang='lat' dir='ltr'><strong>quarn</strong></span> <span class='ocrx_word' id='word_1_101' title='bbox 266 1781 349 1857; x_wconf 85' lang='lat' dir='ltr'><strong>hujus</strong></span> <span class='ocrx_word' id='word_1_102' title='bbox 369 1791 470 1839; x_wconf 84' lang='lat' dir='ltr'><strong>contre</strong></span> <span class='ocrx_word' id='word_1_103' title='bbox 490 1780 629 1857; x_wconf 81' lang='lat' dir='ltr'><strong>collegam</strong></span> <span class='ocrx_word' id='word_1_104' title='bbox 652 1780 680 1838; x_wconf 89' lang='lat' dir='ltr'><strong>in</strong></span> <span class='ocrx_word' id='word_1_105' title='bbox 702 1782 824 1839; x_wconf 68' lang='lat' dir='ltr'><strong>censuri</strong></span> <span class='ocrx_word' id='word_1_106' title='bbox 843 1800 944 1858; x_wconf 85' lang='lat' dir='ltr'><strong>nuper,</strong></span> 
     </span>
     <span class='ocr_line' id='line_1_16' title="bbox 114 1876 738 1953; baseline 0.005 -21"><span class='ocrx_word' id='word_1_107' title='bbox 114 1884 146 1932; x_wconf 89' lang='lat'><strong>15</strong></span> <span class='ocrx_word' id='word_1_108' title='bbox 161 1895 254 1953; x_wconf 84' lang='lat' dir='ltr'><strong>neque</strong></span> <span class='ocrx_word' id='word_1_109' title='bbox 267 1878 364 1953; x_wconf 90' lang='lat' dir='ltr'><strong>lepore</strong></span> <span class='ocrx_word' id='word_1_110' title='bbox 378 1887 407 1935; x_wconf 89' lang='lat' dir='ltr'><strong>et</strong></span> <span class='ocrx_word' id='word_1_111' title='bbox 421 1876 573 1934; x_wconf 82' lang='lat' dir='ltr'><strong>festivitate</strong></span> <span class='ocrx_word' id='word_1_112' title='bbox 589 1877 738 1936; x_wconf 87' lang='lat' dir='ltr'><strong>conditior.</strong></span> 
     </span>
    </p>

    <p class='ocr_par' dir='ltr' id='par_1_12' title="bbox 161 1972 948 2347">
     <span class='ocr_line' id='line_1_17' title="bbox 198 1972 947 2047; baseline -0.004 -13"><span class='ocrx_word' id='word_1_113' title='bbox 198 1974 301 2036; x_wconf 79' lang='lat' dir='ltr'><strong>Quare</strong></span> <span class='ocrx_word' id='word_1_114' title='bbox 326 1974 389 2045; x_wconf 89' lang='lat' dir='ltr'><strong>tibi,</strong></span> <span class='ocrx_word' id='word_1_115' title='bbox 414 1972 535 2044; x_wconf 82' lang='lat' dir='ltr'><strong>Antoni,</strong></span> <span class='ocrx_word' id='word_1_116' title='bbox 563 1983 714 2047; x_wconf 91' lang='lat' dir='ltr'><strong>utrumque</strong></span> <span class='ocrx_word' id='word_1_117' title='bbox 741 1974 887 2044; x_wconf 87' lang='lat' dir='ltr'><strong>assentior,</strong></span> <span class='ocrx_word' id='word_1_118' title='bbox 916 1984 947 2031; x_wconf 90' lang='lat' dir='ltr'><strong>et</strong></span> 
     </span>
     <span class='ocr_line' id='line_1_18' title="bbox 161 2068 948 2145; baseline 0 -18"><span class='ocrx_word' id='word_1_119' title='bbox 161 2071 280 2129; x_wconf 91' lang='lat' dir='ltr'><strong>multum</strong></span> <span class='ocrx_word' id='word_1_120' title='bbox 294 2070 412 2127; x_wconf 81' lang='lat' dir='ltr'><strong>facetius</strong></span> <span class='ocrx_word' id='word_1_121' title='bbox 426 2069 457 2126; x_wconf 90' lang='lat' dir='ltr'><strong>in</strong></span> <span class='ocrx_word' id='word_1_122' title='bbox 471 2068 594 2126; x_wconf 90' lang='lat' dir='ltr'><strong>dicendo</strong></span> <span class='ocrx_word' id='word_1_123' title='bbox 606 2069 741 2144; x_wconf 85' lang='lat' dir='ltr'><strong>prodesse</strong></span> <span class='ocrx_word' id='word_1_124' title='bbox 755 2088 838 2145; x_wconf 79' lang='lat' dir='ltr'><strong>sepe,</strong></span> <span class='ocrx_word' id='word_1_125' title='bbox 853 2081 881 2127; x_wconf 91' lang='lat' dir='ltr'><strong>et</strong></span> <span class='ocrx_word' id='word_1_126' title='bbox 894 2088 948 2127; x_wconf 88' lang='lat' dir='ltr'><strong>eas</strong></span> 
     </span>
     <span class='ocr_line' id='line_1_19' title="bbox 162 2144 946 2243; baseline -0.003 -16"><span class='ocrx_word' id='word_1_127' title='bbox 162 2180 221 2227; x_wconf 87' lang='lat' dir='ltr'><strong>arte</strong></span> <span class='ocrx_word' id='word_1_128' title='bbox 247 2168 327 2225; x_wconf 92' lang='lat' dir='ltr'><strong>nullo</strong></span> <span class='ocrx_word' id='word_1_129' title='bbox 354 2167 437 2225; x_wconf 91' lang='lat' dir='ltr'><strong>modo</strong></span> <span class='ocrx_word' id='word_1_130' title='bbox 467 2185 551 2243; x_wconf 89' lang='lat' dir='ltr'><strong>posse</strong></span> <span class='ocrx_word' id='word_1_131' title='bbox 584 2167 666 2225; x_wconf 84' lang='lat' dir='ltr'><strong>tradi.</strong></span> <span class='ocrx_word' id='word_1_132' title='bbox 720 2144 795 2225; x_wconf 85' lang='lat' dir='ltr'><strong>Illud</strong></span> <span class='ocrx_word' id='word_1_133' title='bbox 828 2168 946 2243; x_wconf 89' lang='lat' dir='ltr'><strong>quidem</strong></span> 
     </span>
     <span class='ocr_line' id='line_1_20' title="bbox 162 2263 945 2347; baseline -0.003 -24"><span class='ocrx_word' id='word_1_134' title='bbox 162 2266 294 2335; x_wconf 90' lang='lat' dir='ltr'><strong>admiror,</strong></span> <span class='ocrx_word' id='word_1_135' title='bbox 309 2274 337 2320; x_wconf 90' lang='lat' dir='ltr'><strong>te</strong></span> <span class='ocrx_word' id='word_1_136' title='bbox 351 2264 435 2320; x_wconf 91' lang='lat' dir='ltr'><strong>nobis</strong></span> <span class='ocrx_word' id='word_1_137' title='bbox 448 2263 479 2347; x_wconf 87' lang='lat' dir='ltr'><strong>in</strong></span> <span class='ocrx_word' id='word_1_138' title='bbox 493 2282 529 2320; x_wconf 94' lang='lat' dir='ltr'><strong>eo</strong></span> <span class='ocrx_word' id='word_1_139' title='bbox 543 2280 648 2340; x_wconf 88' lang='lat' dir='ltr'><strong>genere</strong></span> <span class='ocrx_word' id='word_1_140' title='bbox 667 2264 800 2322; x_wconf 87' lang='lat' dir='ltr'><strong>tribuisse</strong></span> <span class='ocrx_word' id='word_1_141' title='bbox 820 2274 945 2336; x_wconf 82' lang='lat' dir='ltr'><strong>tentum,</strong></span> 
     </span>
    </p>

    <p class='ocr_par' dir='ltr' id='par_1_13' title="bbox 113 2360 950 2823">
     <span class='ocr_line' id='line_1_21' title="bbox 113 2360 946 2436; baseline -0.005 -15"><span class='ocrx_word' id='word_1_142' title='bbox 113 2372 145 2421; x_wconf 75' lang='lat'><strong>20</strong></span> <span class='ocrx_word' id='word_1_143' title='bbox 161 2371 189 2420; x_wconf 89' lang='lat' dir='ltr'><strong>et</strong></span> <span class='ocrx_word' id='word_1_144' title='bbox 203 2381 262 2419; x_wconf 88' lang='lat' dir='ltr'><strong>non</strong></span> <span class='ocrx_word' id='word_1_145' title='bbox 280 2360 365 2436; x_wconf 87' lang='lat' dir='ltr'><strong>hujus</strong></span> <span class='ocrx_word' id='word_1_146' title='bbox 385 2361 427 2417; x_wconf 87' lang='lat' dir='ltr'><strong>rei</strong></span> <span class='ocrx_word' id='word_1_147' title='bbox 447 2377 561 2435; x_wconf 88' lang='lat' dir='ltr'><strong>quoque</strong></span> <span class='ocrx_word' id='word_1_148' title='bbox 580 2360 714 2436; x_wconf 79' lang='lat' dir='ltr'><strong>palmam,</strong></span> <span class='ocrx_word' id='word_1_149' title='bbox 728 2373 759 2418; x_wconf 86' lang='lat' dir='ltr'><strong>ut</strong></span> <span class='ocrx_word' id='word_1_150' title='bbox 774 2370 946 2433; x_wconf 87' lang='lat' dir='ltr'><strong>ceterarum,</strong></span> 
     </span>
     <span class='ocr_line' id='line_1_22' title="bbox 161 2451 948 2533; baseline 0 -18"><span class='ocrx_word' id='word_1_151' title='bbox 161 2459 265 2515; x_wconf 84' lang='lat' dir='ltr'><strong>Crasso</strong></span> <span class='ocrx_word' id='word_1_152' title='bbox 285 2457 428 2514; x_wconf 87' lang='lat' dir='ltr'><strong>detulisse.</strong></span> <span class='ocrx_word' id='word_1_153' title='bbox 469 2456 549 2514; x_wconf 91' lang='lat' dir='ltr'><strong>Tum</strong></span> <span class='ocrx_word' id='word_1_154' title='bbox 570 2457 724 2527; x_wconf 87' lang='lat' dir='ltr'><strong>Antonius,</strong></span> <span class='ocrx_word' id='word_1_155' title='bbox 740 2456 804 2533; x_wconf 88' lang='lat' dir='ltr'><strong>Ego</strong></span> <span class='ocrx_word' id='word_1_156' title='bbox 817 2475 884 2514; x_wconf 88' lang='lat' dir='ltr'><strong>vero</strong></span> <span class='ocrx_word' id='word_1_157' title='bbox 904 2451 948 2515; x_wconf 77' lang='lat' dir='ltr'><strong>ita</strong></span> 
     </span>
     <span class='ocr_line' id='line_1_23' title="bbox 160 2553 948 2628; baseline -0.003 -17"><span class='ocrx_word' id='word_1_158' title='bbox 160 2553 301 2624; x_wconf 80' lang='lat' dir='ltr'><strong>fecissem,</strong></span> <span class='ocrx_word' id='word_1_159' title='bbox 321 2553 421 2628; x_wconf 88' lang='lat' dir='ltr'><strong>inquit,</strong></span> <span class='ocrx_word' id='word_1_160' title='bbox 442 2553 498 2610; x_wconf 89' lang='lat' dir='ltr'><strong>nisi</strong></span> <span class='ocrx_word' id='word_1_161' title='bbox 525 2553 678 2624; x_wconf 90' lang='lat' dir='ltr'><strong>interdum,</strong></span> <span class='ocrx_word' id='word_1_162' title='bbox 700 2554 729 2610; x_wconf 92' lang='lat' dir='ltr'><strong>in</strong></span> <span class='ocrx_word' id='word_1_163' title='bbox 751 2553 816 2624; x_wconf 84' lang='lat' dir='ltr'><strong>hoo,</strong></span> <span class='ocrx_word' id='word_1_164' title='bbox 837 2553 948 2610; x_wconf 77' lang='lat' dir='ltr'><strong>Crasso</strong></span> 
     </span>
     <span class='ocr_line' id='line_1_24' title="bbox 158 2649 947 2727; baseline -0.003 -19"><span class='ocrx_word' id='word_1_165' title='bbox 158 2650 275 2727; x_wconf 85' lang='lat' dir='ltr'><strong>paulum</strong></span> <span class='ocrx_word' id='word_1_166' title='bbox 296 2650 469 2708; x_wconf 86' lang='lat' dir='ltr'><strong>inviderem:</strong></span> <span class='ocrx_word' id='word_1_167' title='bbox 496 2668 563 2707; x_wconf 84' lang='lat' dir='ltr'><strong>nam</strong></span> <span class='ocrx_word' id='word_1_168' title='bbox 582 2668 644 2707; x_wconf 87' lang='lat' dir='ltr'><strong>esse</strong></span> <span class='ocrx_word' id='word_1_169' title='bbox 666 2650 793 2725; x_wconf 84' lang='lat' dir='ltr'><strong>quumvis</strong></span> <span class='ocrx_word' id='word_1_170' title='bbox 817 2649 947 2707; x_wconf 82' lang='lat' dir='ltr'><strong>facetum</strong></span> 
     </span>
     <span class='ocr_line' id='line_1_25' title="bbox 160 2745 950 2823; baseline -0.001 -19"><span class='ocrx_word' id='word_1_171' title='bbox 160 2756 243 2823; x_wconf 86' lang='lat' dir='ltr'><strong>atque</strong></span> <span class='ocrx_word' id='word_1_172' title='bbox 263 2747 379 2817; x_wconf 84' lang='lat' dir='ltr'><strong>salsum,</strong></span> <span class='ocrx_word' id='word_1_173' title='bbox 393 2764 453 2803; x_wconf 91' lang='lat' dir='ltr'><strong>non</strong></span> <span class='ocrx_word' id='word_1_174' title='bbox 473 2745 559 2803; x_wconf 91' lang='lat' dir='ltr'><strong>nimis</strong></span> <span class='ocrx_word' id='word_1_175' title='bbox 579 2756 622 2803; x_wconf 89' lang='lat' dir='ltr'><strong>est</strong></span> <span class='ocrx_word' id='word_1_176' title='bbox 640 2764 690 2821; x_wconf 88' lang='lat' dir='ltr'><strong>per</strong></span> <span class='ocrx_word' id='word_1_177' title='bbox 711 2764 741 2803; x_wconf 85' lang='lat' dir='ltr'><strong>se</strong></span> <span class='ocrx_word' id='word_1_178' title='bbox 762 2746 854 2822; x_wconf 88' lang='lat' dir='ltr'><strong>ipsum</strong></span> <span class='ocrx_word' id='word_1_179' title='bbox 873 2745 950 2803; x_wconf 87' lang='lat' dir='ltr'><strong>inri-</strong></span> 
     </span>
    </p>

    <p class='ocr_par' dir='ltr' id='par_1_14' title="bbox 112 2842 950 2914">
     <span class='ocr_line' id='line_1_26' title="bbox 112 2842 950 2914; baseline 0.006 -18"><span class='ocrx_word' id='word_1_180' title='bbox 112 2846 144 2896; x_wconf 80' lang='lat'><strong>25</strong></span> <span class='ocrx_word' id='word_1_181' title='bbox 159 2844 300 2901; x_wconf 91' lang='lat' dir='ltr'><strong>dendum:</strong></span> <span class='ocrx_word' id='word_1_182' title='bbox 322 2843 382 2914; x_wconf 90' lang='lat' dir='ltr'><strong>sed,</strong></span> <span class='ocrx_word' id='word_1_183' title='bbox 397 2861 463 2900; x_wconf 92' lang='lat' dir='ltr'><strong>cum</strong></span> <span class='ocrx_word' id='word_1_184' title='bbox 477 2842 604 2899; x_wconf 88' lang='lat' dir='ltr'><strong>omnium</strong></span> <span class='ocrx_word' id='word_1_185' title='bbox 626 2843 664 2899; x_wconf 90' lang='lat' dir='ltr'><strong>sis</strong></span> <span class='ocrx_word' id='word_1_186' title='bbox 684 2844 901 2901; x_wconf 84' lang='lat' dir='ltr'><strong>venustissimus</strong></span> <span class='ocrx_word' id='word_1_187' title='bbox 916 2852 950 2901; x_wconf 84' lang='lat' dir='ltr'><strong>et</strong></span> 
     </span>
    </p>
   </div>
   <div class='ocr_carea' id='block_1_12' title="bbox 159 2914 1039 3117">
    <p class='ocr_par' dir='ltr' id='par_1_15' title="bbox 159 2914 1039 3117">
     <span class='ocr_line' id='line_1_27' title="bbox 159 2914 1039 3015; baseline -0.002 -16"><span class='ocrx_word' id='word_1_188' title='bbox 159 2941 375 3012; x_wconf 84' lang='lat' dir='ltr'><strong>urbanissimus,</strong></span> <span class='ocrx_word' id='word_1_189' title='bbox 390 2939 518 2997; x_wconf 89' lang='lat' dir='ltr'><strong>omnium</strong></span> <span class='ocrx_word' id='word_1_190' title='bbox 539 2938 735 3015; x_wconf 80' lang='lat' dir='ltr'><strong>gravissimum</strong></span> <span class='ocrx_word' id='word_1_191' title='bbox 753 2949 782 2996; x_wconf 89' lang='lat' dir='ltr'><strong>et</strong></span> <span class='ocrx_word' id='word_1_192' title='bbox 800 2940 951 2998; x_wconf 81' lang='lat' dir='ltr'><strong>severissi-</strong></span> <span class='ocrx_word' id='word_1_193' title='bbox 1038 2914 1039 2967; x_wconf 43' lang='lat' dir='ltr'><strong>i</strong></span> 
     </span>
     <span class='ocr_line' id='line_1_28' title="bbox 159 3024 1039 3117; baseline 0 -20"><span class='ocrx_word' id='word_1_194' title='bbox 159 3054 238 3097; x_wconf 81' lang='lat' dir='ltr'><strong>mum</strong></span> <span class='ocrx_word' id='word_1_195' title='bbox 251 3048 281 3097; x_wconf 78' lang='lat' dir='ltr'><strong>et</strong></span> <span class='ocrx_word' id='word_1_196' title='bbox 294 3055 357 3096; x_wconf 73' lang='lat' dir='ltr'><strong>esse</strong></span> <span class='ocrx_word' id='word_1_197' title='bbox 371 3046 401 3095; x_wconf 76' lang='lat' dir='ltr'><strong>et</strong></span> <span class='ocrx_word' id='word_1_198' title='bbox 414 3035 504 3093; x_wconf 74' lang='lat' dir='ltr'><strong>vireu</strong></span> <span class='ocrx_word' id='word_1_199' title='bbox 518 3033 610 3112; x_wconf 77' lang='lat' dir='ltr'><strong>(quor</strong></span> <span class='ocrx_word' id='word_1_200' title='bbox 623 3034 670 3091; x_wconf 77' lang='lat' dir='ltr'><strong>ror</strong></span> <span class='ocrx_word' id='word_1_201' title='bbox 684 3034 806 3112; x_wconf 68' lang='lat' dir='ltr'><strong>contigit</strong></span> <span class='ocrx_word' id='word_1_202' title='bbox 821 3037 898 3117; x_wconf 75' lang='lat' dir='ltr'><strong>uni),</strong></span> <span class='ocrx_word' id='word_1_203' title='bbox 916 3036 953 3097; x_wconf 79' lang='lat' dir='ltr'><strong>ru</strong></span> <span class='ocrx_word' id='word_1_204' title='bbox 1031 3024 1039 3069; x_wconf 63' lang='lat' dir='ltr'><strong>a</strong></span> 
     </span>
    </p>
   </div>
   <div class='ocr_carea' id='block_1_13' title="bbox 0 0 1069 3417">
    <p class='ocr_par' dir='ltr' id='par_1_16' title="bbox 0 0 1069 3417">
     <span class='ocr_line' id='line_1_29' title="bbox 0 0 1069 3417; baseline 0 0"><span class='ocrx_word' id='word_1_205' title='bbox 0 0 1069 3417; x_wconf 95' lang='lat' dir='ltr'><strong> </strong></span> 
     </span>
    </p>
   </div>
  </div>
 </body>
</html>
