2109 3417
106 290 147 349 26
428 304 472 351 on
494 303 657 353 carrona.
859 304 939 363 [nu.

156 454 216 529 ipse
236 453 373 527 elaborat,
393 474 451 513 non
472 450 614 531 explicare
634 454 717 513 nobis
736 464 828 512 totum
848 474 939 533 genus

155 549 211 607 hoc
228 551 356 626 jocandi,
377 537 460 626 quale
483 553 530 623 sit,
551 562 580 609 et
600 551 676 607 uude
703 552 841 621 ducatur;
869 572 940 627 prae·

154 648 251 703 sertim
279 667 346 705 cum
373 659 481 706 tantam
508 648 566 705 vim
592 658 622 705 et
645 647 796 705 utilitatem
821 649 887 705 salis
910 658 938 706 et

153 744 324 807 urbanitatis
360 764 423 802 esse
459 746 600 801 fateatur?
659 744 742 805 Quid
778 744 812 815 si,
846 745 938 820 inquit

120 839 257 911 5Julius,
280 841 418 897 assentior
444 840 574 897 Antonio
601 840 720 911 dicenti,
741 840 848 897 nullam
875 860 938 900 esse

153 946 242 993 artem
270 936 356 994 salisl
410 936 469 993 Hic
496 954 562 994 cum
593 937 738 1013 Sulpicius
765 937 936 1009 reticuisset,

151 1032 246 1093 Quasi
266 1052 344 1103 vero,
364 1033 458 1107 inquit
477 1033 607 1105 Crassus,
629 1034 729 1091 horum
751 1034 886 1109 ipsorum,
901 1035 937 1091 de

152 1129 256 1202 quibus
275 1129 421 1185 Antonius
445 1128 554 1205 jamdiu
575 1130 710 1203 loquitur,
733 1148 778 1187 ars
804 1130 863 1187 ulla
890 1132 935 1189 sit.

152 1223 322 1282 Observatio
349 1226 479 1299 quedam
507 1235 559 1297 est,
587 1236 619 1281 ut
646 1226 705 1301 ipse
732 1226 813 1297 dixit,
838 1244 936 1283 earum

105 1327 136 1374 10
151 1338 256 1390 rerum,
270 1340 333 1395 quae
353 1322 383 1377 in
404 1321 528 1378 dicendo
548 1321 659 1391 valent3
682 1342 743 1397 quae
764 1322 788 1379 si
802 1323 938 1397 eloquen-

151 1426 194 1473 tes
228 1418 322 1474 sacere
354 1428 459 1492 posset,
487 1416 550 1492 quis
583 1428 658 1473 esset
692 1436 748 1474 non
780 1418 935 1493 cloquensl

149 1513 228 1575 Quis
248 1514 324 1571 enim
346 1515 408 1571 haec
427 1533 486 1571 non
506 1513 550 1569 vel
571 1514 666 1584 facile,
680 1514 723 1570 vel
741 1524 818 1572 certe
840 1514 935 1589 aliquo

150 1611 245 1681 modo,
266 1621 362 1685 posset
385 1611 534 1667 ediscerel
589 1610 647 1665 Sed
673 1629 727 1687 ego
747 1610 776 1668 in
797 1610 842 1667 his
867 1630 937 1686 prae·

150 1707 241 1781 ceptis
255 1707 331 1763 hanc
344 1707 401 1763 vim
415 1716 444 1763 et
458 1707 533 1763 hanc
554 1706 706 1762 utilitatem
726 1725 788 1763 esse
806 1707 934 1779 arbitror,

103 1812 134 1859 15
149 1821 208 1859 uon
240 1813 273 1859 ut
306 1804 341 1861 ad
374 1802 584 1878 reperiendum,
612 1802 680 1876 quid
708 1802 847 1873 dicamus,
875 1813 936 1861 arte

149 1899 297 1970 ducamur,
318 1900 369 1956 sed
397 1910 428 1955 ut
451 1918 495 1969 ea,
516 1916 579 1973 quae
606 1898 717 1970 naturis,
740 1917 801 1974 quaa
828 1900 935 1971 studio,

148 2014 211 2070 quae
231 1995 436 2052 exercitatione
464 1994 677 2067 consequimur,
699 2004 747 2051 aut
767 2003 846 2051 recta
871 2014 935 2052 esse

149 2091 337 2162 confidamus,
359 2101 407 2148 aut
433 2110 520 2166 prava
547 2090 749 2165 intelligamus,
777 2110 853 2161 cum,
877 2110 936 2167 quo

148 2188 298 2245 referenda
315 2188 381 2256 sint,
397 2187 590 2244 didicerimus.
631 2187 741 2257 Quare,
758 2187 863 2258 Ceasar,
878 2207 937 2265 ego

101 2293 133 2342 2⁰
149 2303 261 2359 quoque
276 2294 333 2341 ate
347 2284 493 2358 hocpeto,
508 2294 550 2354 ut,
565 2283 589 2339 si
603 2283 656 2340 tibi
671 2283 791 2354 videtur,
806 2284 938 2359 disputes

148 2382 185 2437 de
199 2381 254 2438 lroc
268 2390 329 2437 toto
344 2380 462 2455 jocandi
482 2398 598 2456 genere,
613 2379 681 2453 quid
696 2380 812 2450 sentias,
826 2399 863 2437 ne
877 2400 936 2454 qua

149 2477 220 2534 forte
240 2476 355 2532 dicendi
374 2495 450 2551 pars,
465 2477 601 2551 quoniam
622 2476 661 2533 ita
681 2476 819 2547 voluistis,
834 2476 864 2533 in
879 2478 936 2535 hoc

147 2572 198 2629 tali
219 2582 305 2640 oratu,
322 2583 405 2647 atque
425 2573 455 2629 in
476 2583 533 2630 tam
556 2583 691 2630 accurato
711 2591 852 2643 sermone,
866 2594 937 2649 prae-

149 2669 233 2726 terita
253 2688 315 2725 esse
336 2669 472 2727 videatur.
506 2669 580 2746 ,Ego
594 2688 672 2740 vcro,
687 2669 779 2744 inquit
793 2670 850 2740 illc,
866 2688 937 2744 quo-

99 2778 131 2827 us
147 2764 225 2821 niam
252 2765 403 2822 collectam
425 2784 441 2822 a
461 2766 592 2836 convivii,
620 2765 733 2836 Crasse,
755 2765 855 2842 exigis,
876 2785 936 2823 non

147 2861 335 2933 committam,
357 2872 397 2934 ut,
418 2862 443 2918 si
458 2862 633 2938 defugerim,
660 2862 713 2918 tibi
741 2876 856 2919 causam
886 2862 937 2920 ali·

147 2959 325 3033 quam'dem
352 2959 520 3016 recusandi:
555 2978 717 3033 quanquam
745 2959 824 3016 soleo
859 2978 938 3034 saepe

148 3055 245 3113 mirari
265 3074 364 3115 eorum
385 3054 603 3134 impudentiam,
617 3055 666 3130 qui
687 3064 775 3133 agunt
796 3056 825 3115 in
845 3056 938 3115 scenb
