2109 3417
113 323 194 383 nn]
396 324 439 371 nn
462 322 624 397 carrona.
906 313 945 372 29

114 472 184 543 culi,
199 471 341 532 vulnerari
354 472 468 541 voluut3
490 472 609 529 miseros
623 469 704 528 illudi
718 456 828 542 nolunt,
843 470 900 529 nisi

114 569 140 625 si
153 588 184 625 se
199 569 269 625 forte
287 569 405 643 jactant.
446 568 626 625 Parcendum
642 577 685 625 est
700 576 793 625 autem
813 568 901 625 maxi·

114 682 162 721 me
182 665 293 722 caritati
314 663 531 735 hominumue
555 674 662 721 temere
681 663 711 721 ia
732 680 782 721 eos
808 664 899 737 dicas,

114 760 163 835 qui
177 761 342 837 diliguntur.

152 953 232 1014 LIX.
264 953 338 1011 Haec
358 953 446 1031 igitur
474 954 636 1013 adhibenda
662 964 705 1013 est
725 954 847 1031 primum
869 954 928 1012 in5

108 1050 235 1126 jocando
254 1050 422 1108 moderatio.
463 1049 564 1126 ltaque
584 1070 619 1109 eo
639 1051 774 1109 facillime
797 1052 899 1109 ludun-

111 1155 168 1217 tur,
182 1164 246 1220 qua
265 1165 359 1221 neque
379 1146 447 1204 odio
467 1166 581 1223 magno,
595 1166 688 1222 neque
703 1147 899 1206 misericordid

111 1242 246 1312 maximi,
281 1242 369 1318 digna
400 1252 476 1301 suut.
532 1242 731 1303 Quamobrem
765 1242 898 1301 materies

111 1338 206 1395 omnis
226 1338 413 1396 ridiculorum
433 1349 477 1396 est
490 1338 520 1395 in
535 1339 596 1395 istis
609 1338 695 1410 vitiis,
710 1359 773 1413 quae
787 1350 853 1397 sunt
867 1341 897 1398 iu

111 1434 171 1490 vito
185 1434 333 1491 hominum
346 1453 439 1509 neque
453 1452 597 1504 carorum,
612 1452 705 1509 nequo
719 1435 898 1493 calamitoso-
912 1442 944 1490 10

111 1549 186 1600 rum,
200 1549 292 1605 neque
305 1549 404 1587 eorum
423 1531 472 1605 qui
486 1530 523 1587 ob
538 1530 650 1587 facinus
671 1530 706 1587 ad
726 1530 897 1606 supplicium

111 1626 241 1701 rapiendi
255 1627 402 1696 videntur3
423 1644 525 1701 eaque,
540 1625 615 1683 bello
630 1626 745 1702 agitata,
760 1626 896 1704 ridentur.

111 1722 165 1780 Est
184 1723 271 1781 etiam
291 1722 488 1793 deformitatis,
507 1732 536 1779 et
557 1722 685 1797 corporis
699 1722 841 1792 vitiorum,
856 1741 899 1779 sa·

111 1820 148 1877 tis
176 1820 251 1877 bella
271 1820 404 1876 materies
424 1819 460 1876 ad
478 1818 651 1895 jocandum:
675 1819 725 1875 sed
745 1818 898 1893 qiraerimus

111 1916 198 1987 idem,
212 1916 288 1990 quod
304 1916 332 1972 in
354 1916 458 1972 ceteris
476 1916 561 1988 rebus
575 1915 699 1973 maxime
714 1915 896 1989 quarendum
912 1924 943 1971 15

111 2022 164 2081 est,
180 2013 329 2086 quotenus.
370 2011 404 2068 ln
426 2030 493 2087 quo,
508 2031 566 2069 uon
582 2012 668 2069 modo
683 2011 753 2067 illud
768 2011 897 2085 praecipi-

110 2119 166 2178 tur,
187 2126 225 2165 ne
252 2108 320 2182 quid
347 2108 464 2178 insulse,
489 2108 540 2164 sed
567 2108 662 2179 etiam,
690 2107 714 2164 si
742 2106 809 2181 quid
836 2126 898 2184 per·

110 2204 233 2261 ridicule
250 2204 358 2279 possis:
379 2204 527 2261 vitandum
548 2214 591 2259 est
611 2203 717 2260 oratori
734 2215 896 2278 utrumque,

110 2318 148 2356 ne
172 2310 220 2356 aut
242 2300 371 2356 scurrilis
392 2300 476 2375 jocus
499 2300 546 2371 sit,
566 2309 614 2356 aut
638 2300 779 2357 mimicus
820 2300 897 2361 Quae

111 2396 272 2470 cujusmodi
294 2396 362 2467 sint,
383 2396 496 2453 facilius
520 2396 579 2471 jam
607 2395 809 2472 intelligemus,
831 2416 896 2455 cunr
911 2395 943 2444 2⁰

111 2490 147 2548 ad
162 2490 224 2564 ipsa
236 2490 423 2548 ridiculorum
437 2511 543 2567 genera
557 2491 726 2549 venerimus.
790 2482 792 2489 ⁴

151 2586 218 2643 Duo
244 2587 322 2644 enim
349 2597 416 2643 sunt
442 2606 549 2663 genera
573 2587 751 2659 facetiarum,
776 2608 897 2662 quorum

110 2684 231 2741 alterum
258 2702 290 2740 re
316 2692 464 2751 tractatur,
493 2684 613 2741 alterum
647 2685 733 2742 dicto.
788 2686 845 2758 Re,
873 2686 897 2743 ri

110 2782 225 2856 quando
239 2780 318 2855 quid,
329 2791 463 2854 tanquam
480 2780 575 2855 aliqua
589 2781 701 2851 fabella,
714 2794 854 2854 narratur,
867 2796 898 2839 ut

108 2878 177 2937 olim
195 2887 237 2949 tu,
253 2877 366 2947 Crasse,
381 2877 411 2933 in
432 2876 614 2949 Memmium,
630 2878 817 2937 “comedisse
831 2898 897 2947 eum
910 2881 942 2930 25

109 2975 250 3038 lacertum
269 2974 397 3051 Largii,”
413 2993 479 3033 cum
498 2984 574 3033 esset
593 2993 659 3033 cum
678 2994 714 3033 eo
729 2974 897 3033 Tarracine

108 3070 147 3128 de
161 3071 285 3130 amiculi
299 3071 423 3129 rixatus:
445 3072 529 3144 salsa,
546 3082 670 3131 attamen
686 3082 743 3131 ate
757 3072 818 3148 ipso
831 3070 899 3127 ficta

345 3166 391 3226 ΒΩ
