2109 3417
117 293 159 353 ω
437 306 482 353 nu
503 306 667 353 ostreas.
865 303 905 364 [u.
917 302 956 351 rc

161 452 337 527 posteritatis
349 453 539 511 immortalem
555 453 723 513 memoriam
744 452 875 530 augebit3
896 451 957 509 uti·

161 546 273 605 litatem
286 566 322 610 ex
333 549 420 607 laude
439 549 520 607 nasci
542 549 686 621 defendet,
701 566 869 624 semperque
886 566 956 605 eam

163 661 231 701 oum
244 644 383 720 dignitate
396 663 460 703 esse
474 645 667 721 conjunctam.

203 739 261 797 Sed
281 740 349 816 quid
370 740 432 799 lieri
451 741 551 816 possit,
567 750 616 797 aut
634 758 695 799 non
712 739 811 816 possit,
825 739 955 815 quidque

132 831 250 894 ostiam
275 832 314 891 ait
339 852 469 905 neeesse,
494 843 625 891 autnon
649 833 696 904 sit,
720 833 751 891 in
775 834 896 909 utraque
919 852 954 893 re

130 974 135 983 .
163 927 287 987 maxime
301 938 346 987 est
364 930 557 1004 quarendum.
598 928 739 987 Inciditur
758 930 837 987 enirn
856 930 955 989 omnis

160 1024 221 1103 jam
240 1024 419 1096 deliberatio,
439 1025 465 1084 ai
485 1025 655 1102 intelligitur
681 1044 739 1084 non
765 1044 849 1101 possa
878 1025 954 1099 fieri,

164 1131 214 1179 aut
233 1120 258 1179 si
278 1121 436 1179 necessitas
456 1122 588 1179 affertur:
609 1121 700 1199 etqui
720 1121 877 1195 iddocuit,
891 1140 955 1181 non

164 1216 327 1275 videntibus
341 1217 414 1288 aliis,
429 1218 454 1275 ia
466 1217 620 1294 plurimum
634 1218 713 1276 vidit

118 1329 150 1379 10
203 1312 252 1369 Ad
275 1314 428 1371 consilium
442 1324 551 1386 ,autem
577 1314 614 1371 de
641 1314 789 1390 republicd
814 1313 955 1386 dandum,
1040 1334 1041 1339 ¹

163 1418 251 1485 caput
275 1418 330 1481 est,
357 1409 443 1468 ndsse
468 1409 691 1484 rempublicam
727 1409 762 1468 ad
796 1409 954 1467 dicendum

165 1522 232 1563 aero
245 1506 439 1581 probabiliter,
453 1504 539 1562 nosse
553 1522 647 1563 mores
661 1504 800 1575 civitatis3
821 1504 870 1579 qui
884 1504 955 1581 quia

165 1601 268 1661 crebro
294 1612 450 1673 mutantur,
478 1619 570 1677 genus
602 1618 714 1675 quoque
743 1601 882 1659 orationis
908 1612 954 1660 eat

164 1716 241 1774 sape
260 1698 437 1756 mutandum.
491 1696 540 1769 Et,
561 1710 726 1771 quanquam
750 1715 808 1755 una
829 1697 889 1755 sere
909 1698 954 1757 vis

119 1809 151 1861 15
164 1804 209 1852 est
228 1794 409 1869 eloquentia,
429 1804 536 1863 tamen,
551 1790 619 1868 quia
638 1811 749 1851 summa
768 1793 894 1871 dignitas
909 1805 955 1853 cst

163 1888 273 1966 populi,
306 1888 473 1965 gravissima
505 1906 595 1947 causa
626 1888 802 1964 reipublice,
835 1890 953 1948 maxiani

164 1994 258 2043 motus
277 1983 485 2055 multitudinis;
506 2002 599 2059 genus
614 2002 727 2060 quoque
740 1984 857 2044 dicendi
869 2004 954 2063 gran-

165 2078 230 2137 dius
255 2077 398 2154 quoddam
430 2087 460 2135 et
490 2077 629 2135 illustrius
661 2096 724 2137 essa
758 2079 953 2137 adhibendum

164 2170 292 2230 videtur:
324 2172 503 2247 maximaque
524 2190 592 2247 pars
614 2172 752 2231 orationis
776 2172 953 2232 admovenda

118 2279 209 2336 meat
232 2268 267 2325 ad
292 2268 451 2326 animorum
474 2279 570 2325 motus
593 2286 809 2343 nonnunquam,
834 2278 882 2327 aut
906 2288 952 2328 uo·

166 2365 337 2438 hortatione,
358 2375 407 2423 aut
427 2365 701 2423 commemoratione
726 2363 831 2439 aliqud,
853 2374 901 2423 aut
921 2365 951 2425 iu

165 2480 254 2539 spem,
269 2471 318 2519 aut
337 2460 368 2520 in
387 2471 505 2534 motum,
521 2471 570 2518 aut
591 2461 626 2519 ad
642 2460 837 2536 cupiditatem,
853 2460 950 2519 autad

165 2558 295 2637 gloriam,
317 2557 515 2629 concitandos,
537 2576 612 2633 saepc
637 2557 722 2615 etiam
745 2552 950 2630 atemeritate,

165 2653 325 2723 iracundis,
338 2671 399 2730 spe,
414 2654 529 2732 injurii,
544 2653 662 2726 invidia,
678 2652 859 2727 crudelitate,
872 2671 951 2715 rero·

118 2769 151 2821 m
164 2751 281 2811 candos.

203 2943 378 3004 LXXXIII.
409 2945 458 3003 Fit
472 2954 578 3017 antem,
591 2953 634 3016 ut,
647 2942 715 3019 quia
732 2941 856 3001 maxima
869 2941 949 3017 quasi

164 3042 270 3105 oratori
289 3061 378 3103 scena
398 3041 525 3101 rideatur
546 3040 706 3116 concionis,
720 3038 823 3101 natur&
839 3038 901 3116 ipsi
915 3038 950 3099 ad
