2109 3417
96 274 133 355 ¹⁴.
414 284 459 331 m:
479 282 644 331 onuroau.
844 282 885 342 [n.
893 282 925 329 11⁴

138 431 260 504 Antoni,
282 431 337 490 ista
360 450 584 491 commemoras:
613 450 679 492 nem
701 448 756 508 ego
779 429 850 488 nihil
875 451 927 489 un·

138 547 223 604 quam
256 529 326 600 vidi,
353 529 428 603 quod
460 539 518 586 tam
546 548 562 587 e
589 527 722 586 manibus
755 528 925 599 elaberetur,

138 644 224 699 quam
250 624 321 682 mihi
349 636 409 683 tum
436 636 480 682 est
506 626 604 701 elapsa
631 626 678 683 illa
705 643 801 683 causa,
849 624 925 681 Cum

138 721 215 778 enim
237 720 490 798 (quemedmodum
509 722 619 801 dixisti)
641 723 693 780 tibi
708 740 765 799 ego
775 740 835 778 non
851 721 927 797 judi-

109 818 226 888 bcium,
247 818 298 873 sed
319 818 497 889 incendium,
518 818 716 893 tradidissem
744 816 819 892 quod
843 827 923 874 tuum

138 914 321 989 principium,
349 914 399 971 Dii
426 914 610 985 immortales,
639 914 708 973 suit!
743 914 792 988 qui
822 914 925 970 timori

139 1030 201 1085 qum
216 1009 372 1067 dubitatio!
395 1020 502 1084 quante
521 1010 671 1082 haesitatio,
686 1020 849 1084 tractusque
865 1028 925 1065 ver-

138 1107 255 1165 borum!
310 1106 349 1163 Ut
376 1106 447 1165 illud
475 1106 567 1177 initio,
590 1107 666 1183 quod
693 1106 745 1164 tibi
773 1124 861 1161 unum
889 1104 925 1162 ad

139 1204 349 1280 ignoscendum
369 1203 501 1263 homines
527 1203 643 1282 dabant,
663 1202 797 1273 tenuisti3
825 1212 856 1258 te
873 1220 928 1277 pro

94 1310 125 1360 10
140 1300 254 1357 homine
287 1299 511 1375 pernecessario,
545 1310 684 1374 questore
717 1309 776 1370 tuo,
810 1298 926 1368 dicere;

140 1415 225 1471 quam
252 1396 304 1453 tibi
330 1396 454 1471 primum
487 1395 608 1453 munisti
634 1396 669 1453 ad
696 1406 724 1453 te
752 1394 926 1453 audiendum

140 1490 231 1548 viam!
285 1491 367 1548 Ecce
394 1501 500 1563 autem,
523 1510 590 1548 cum
616 1501 647 1547 te
671 1491 742 1547 nibil
766 1490 841 1547 aliud
863 1508 927 1564 pro·

140 1588 243 1647 secisse
272 1588 431 1657 arbitrarer,
451 1587 508 1644 nisi
535 1598 567 1644 nt
593 1587 724 1658 homines
750 1586 814 1657 tibi,
834 1586 925 1643 civem

140 1683 302 1759 improbum
322 1684 497 1755 defendenti,
514 1683 724 1760 ignoscendum
742 1692 856 1757 propter
876 1701 927 1739 ne-

96 1792 127 1841 15
141 1780 345 1838 cessitudinem
367 1780 587 1849 arbitrarentur;
608 1797 721 1855 serpere
738 1779 854 1837 occulte
871 1798 928 1837 οω-

140 1876 217 1951 pisti,
234 1876 375 1933 nihildum
397 1876 460 1933 aliis
480 1875 702 1951 suspicantibus,
718 1895 764 1933 me
782 1893 849 1931 vero
862 1875 928 1951 -jnm

140 1972 371 2049 pertimescente,
385 1984 416 2030 ut
430 1973 518 2041 illam,
528 1990 587 2029 non
602 1971 733 2029 Norbani
746 1972 927 2043 seditionem,
987 1961 990 1966 ¹

141 2068 193 2125 sed
225 2068 323 2144 populi
357 2068 484 2125 Romani
517 2068 706 2139 iracundiam,
738 2086 831 2143 neque
863 2086 928 2125 eam

141 2163 286 2239 injustam,
300 2164 351 2221 sed
371 2163 500 2221 meritam
523 2182 557 2221 ac
578 2164 714 2234 debitam,
730 2164 817 2221 fuisse
831 2164 931 2221 desen-

95 2270 127 2321 ω
142 2260 233 2317 detes.
279 2258 392 2316 Deinde
414 2259 463 2335 qui
486 2259 569 2317 locus
597 2260 647 2319 abs
670 2270 699 2317 te
721 2260 931 2335 pretermissus

128 2367 186 2413 ¹est
198 2356 228 2413 in
243 2355 429 2430 Caepiouemi
450 2367 481 2414 ut
494 2367 526 2413 tu
540 2356 589 2414 illa
608 2357 705 2415 omnia
717 2356 793 2429 odio,
808 2356 929 2429 insidiis,

141 2451 340 2518 misericordid
365 2452 522 2511 miscuisti!
578 2452 680 2527 Neque
701 2454 763 2511 hec
784 2453 875 2511 solum
896 2452 928 2511 ‘ur

142 2548 319 2620 defensione,
333 2549 384 2605 sed
397 2548 485 2607 etiam
498 2549 664 2622 inScauro,
680 2551 837 2626 ceterisque
855 2549 932 2609 meis

141 2645 272 2716 testibus,
286 2664 407 2719 qnorum
427 2646 601 2717 testimonia,
616 2665 675 2704 non
695 2646 861 2718 refellendo,
876 2646 929 2703 sed

96 2742 179 2813 asad
199 2742 322 2801 eundem
342 2742 478 2819 impetum
506 2743 604 2819 populi
628 2742 832 2819 confugiendo,
853 2741 931 2799 refu·

142 2838 217 2897 tristi.
257 2838 334 2900 Quae
355 2858 421 2899 cum
443 2839 493 2896 abs
513 2838 649 2898 ternodo
671 2855 931 2895 commemoraren-

142 2945 199 3006 tur,
213 2934 344 3009 equidem
358 2935 437 2993 uulla
450 2946 593 3011 precepta
608 2935 823 2994 desiderabam:
844 2933 932 2991 istam

143 3029 222 3109 enim
240 3029 331 3107 ipsam
350 3030 624 3093 demonstrationem
647 3030 847 3089 defensionum
868 3037 935 3087 tua-
