2109 3417
116 316 211 377 nm]
398 314 442 363 nn
461 314 624 364 onerose.
887 304 945 367 1⁰3

116 465 174 537 nis,
193 482 251 524 non
270 464 435 541 perturbato
453 460 562 523 ordine.
609 464 691 527 Quid
711 463 818 523 multal
839 470 898 524 tam

119 562 212 620 facilis
237 572 281 619 est
306 571 364 619 tota
390 581 444 633 res,
471 572 504 619 ut
533 562 603 619 mihi
636 561 790 638 permirum
810 580 899 638 ⁴saepe

118 659 258 730 rideatur,
272 676 337 715 cum
359 659 502 716 difficilius
523 658 707 735 intelligatur,
720 658 789 733 quid
805 659 900 735 patro·

118 774 173 813 nas
187 754 255 814 relit
267 755 374 826 dicere,
387 772 471 830 quam
491 754 515 811 si
536 755 596 830 ipse
614 755 672 826 illc,
686 755 735 830 qui
747 764 897 831 patronum

119 849 245 921 adhibet,
267 849 303 907 de
326 867 357 906 re
378 848 430 906 sud
451 850 568 908 diceret.
608 849 660 907 Isti
681 850 768 922 enim,
789 850 839 925 qui
862 849 929 909 ado

118 964 172 1003 nos
198 964 300 1003 causas
326 946 468 1017 deferunt,
495 946 535 1003 ita
561 966 613 1003 nos
645 946 811 1023 plerumque
844 945 899 1022 ipsi

118 1042 232 1114 docent,
247 1052 279 1099 ut
295 1060 354 1099 non
371 1042 517 1118 desideres
537 1042 648 1118 planius
668 1042 734 1101 dici.
775 1042 899 1100 Easdem

44 1147 51 1154 '
118 1157 164 1198 res
184 1151 278 1197 autern
302 1138 385 1196 simul
407 1157 441 1197 ac
461 1139 575 1210 Fusius,
597 1149 644 1197 aut
665 1148 757 1197 vester
783 1138 899 1215 equalis

118 1233 304 1309 Pomponius,
319 1251 404 1310 agere
424 1233 519 1308 coepit,
534 1252 591 1290 non
606 1252 695 1308 aeque,
709 1234 778 1311 quid
791 1234 898 1308 dicant,
939 1254 943 1260 ¹

119 1329 175 1387 nisi
196 1329 348 1386 admodum
369 1330 486 1400 attendi,
501 1330 645 1405 intelligo:
667 1328 706 1387 ita
725 1330 845 1389 confusa
856 1338 900 1388 est
914 1336 946 1389 1⁰

119 1425 221 1496 oratio,
235 1425 274 1482 ita
293 1426 467 1500 perturbata,
483 1424 554 1482 nihil
575 1434 607 1481 ut
626 1424 663 1482 sit
681 1426 813 1499 primurn,
828 1426 899 1484 nihil

121 1530 153 1578 ut
183 1521 357 1590 secundum3
391 1529 532 1595 tantaque
566 1520 718 1577 insolentia
751 1538 785 1577 ac
816 1522 901 1579 turba

120 1616 279 1688 verborum,
294 1626 325 1673 ut
345 1616 446 1686 oratio,
463 1634 525 1691 quae
545 1615 641 1673 lumen
663 1615 796 1673 adhibere
814 1616 900 1674 rebus

120 1712 215 1785 debet,
230 1730 265 1770 ea
275 1712 478 1770 obscuritatem
498 1721 526 1769 et
546 1712 678 1769 tenebras
694 1712 801 1783 afferat,
817 1721 900 1787 atque

120 1818 153 1866 ut
167 1808 376 1883 quodammodo
396 1807 449 1883 ipsi
469 1807 523 1864 sibi
544 1807 574 1864 in
594 1808 716 1865 dicendo
736 1808 899 1883 obstrepere
915 1806 947 1862 15

121 1905 277 1963 rideantur.
316 1905 433 1976 Verum,
448 1904 471 1961 si
484 1904 588 1980 planet,
604 1903 737 1979 quoniam
756 1904 817 1962 lraec
831 1903 899 1962 satis

119 2018 213 2077 spero,
229 1998 308 2057 robis
327 2000 442 2074 quidem
462 2010 540 2056 certe
562 1999 722 2074 majoribus,
741 1999 859 2057 molesta
870 2008 900 2058 et

118 2096 219 2174 putida
243 2096 343 2168 videri,
371 2095 406 2153 ad
439 2095 548 2170 relique
580 2094 725 2169 aliquanto
757 2095 901 2154 odiosiora

118 2212 278 2271 pergamus.

120 2369 123 2373 ¹
158 2383 241 2444 xlv.
272 2386 363 2462 Atqui
394 2385 483 2458 rides,
517 2385 610 2460 inquit
646 2384 800 2457 Antonius,
833 2402 899 2445 cum
914 2384 946 2435 2⁰

121 2479 191 2538 alias
209 2498 255 2539 res
275 2500 402 2559 agamus,
422 2500 507 2557 quarn
527 2492 556 2539 te
576 2480 656 2539 inviti
678 2481 834 2553 audiamus,
851 2481 899 2556 qui

121 2576 226 2635 adduci
244 2595 404 2653 possumus,
419 2578 469 2653 (de
482 2597 528 2635 me
542 2577 618 2635 enim
639 2577 777 2657 conjicio)
792 2578 900 2635 relictis

120 2681 153 2731 ut
164 2672 249 2730 rebus
268 2672 401 2731 omnibus
420 2682 450 2730 te
467 2683 619 2744 sectemur,
633 2683 662 2730 te
676 2673 839 2731 audiamus:
860 2673 901 2731 ita

19 2780 22 2784 ·
119 2769 157 2827 de
176 2768 299 2826 horridis
324 2769 410 2826 rebus
435 2768 535 2841 nitida,
559 2770 596 2827 de
619 2768 724 2846 jejunis
749 2770 843 2847 plena,
863 2769 901 2827 de

117 2864 291 2945 pervulgatis
303 2883 378 2923 nore
391 2865 519 2940 quedem
534 2876 576 2923 est
589 2866 682 2924 oratio
693 2876 750 2923 tua.
913 2868 946 2921 25

157 2961 272 3021 Faciles
290 2962 379 3050 enirn,
399 2960 499 3038 inquit,
520 2962 641 3033 Antoni,
661 2972 755 3038 partes
777 2980 819 3019 eae
841 2958 901 3019 sue·

118 3068 185 3117 runt
210 3059 285 3133 due,
310 3076 381 3137 qaas
405 3058 492 3119 modo
525 3058 702 3136 percucurri,
730 3058 772 3116 rel
804 3056 901 3134 potius
