2109 3417
121 256 192 319 ct]
403 259 447 321 nn
471 256 633 307 oanroaa.

121 406 251 464 moribus
275 406 420 465 hominum
442 418 470 465 et
489 407 564 465 scire
583 417 613 465 et
633 406 739 477 dicere,
760 424 823 483 que
849 422 908 463 nou

123 504 277 561 abhorrent
304 504 340 560 ab
367 503 514 561 bominum
541 504 675 562 moribus.
727 502 805 565 Quis
830 503 908 560 enim

123 617 249 673 uuquam
276 609 369 655 orator
393 618 513 675 magnus
535 609 564 656 et
585 599 688 675 gravis,
710 618 776 656 cum
805 599 908 657 iratum

124 695 286 751 adversario
309 694 438 771 judicem
465 695 560 753 facere
587 695 680 767 vellet,
704 694 844 753 haesitavit
870 697 908 752 ob

124 808 188 847 earu
203 809 328 862 causam,
340 791 415 866 quod
429 791 564 860 nesciret,
579 791 647 867 quid
661 802 736 848 esset
750 791 907 863 iracundia,
921 796 939 845 ⁶

123 886 254 943 fervorne
276 887 387 957 mentis,
406 906 441 945 au
462 886 605 963 cupiditas
625 887 761 963 puniendi
782 887 908 945 dolorisl

121 981 210 1053 Quis,
225 1000 291 1039 cum
312 994 424 1041 ceteros
444 983 605 1041 animorum
625 997 719 1041 motus
740 994 788 1040 aut
804 982 909 1059 judici·

123 1077 179 1133 bus
200 1088 248 1135 aut
268 1078 373 1155 populo
394 1078 519 1136 dicendo
541 1078 662 1136 miscere
690 1090 773 1155 atque
800 1079 908 1155 agitare

122 1174 219 1244 vellet,
239 1192 274 1231 ea
293 1173 374 1246 dixit,
395 1192 458 1250 quae
481 1175 693 1251 aphilosophis
715 1176 774 1233 dici
795 1176 908 1233 solenti
942 1177 944 1181 ’

122 1269 173 1345 qui
193 1269 296 1347 partim
315 1269 432 1328 omniuo
447 1280 541 1327 motus
555 1280 660 1347 negant
675 1270 704 1327 in
720 1254 821 1328 aniniis
834 1271 907 1329 ullos
922 1278 953 1329 10

120 1384 187 1423 esse
208 1365 325 1437 debere,
344 1365 449 1441 quique
476 1384 526 1421 eos
553 1365 582 1422 in
606 1366 736 1441 judicum
764 1368 907 1425 mentibus

121 1461 279 1533 concitent,
302 1462 396 1518 scelus
417 1480 467 1517 eos
489 1461 629 1518 nefarium
654 1462 764 1533 sacerc;
793 1464 906 1538 partim,

121 1559 172 1634 qui
199 1557 404 1617 tolerabiliores
430 1557 529 1615 volunt
555 1577 628 1629 esse,
650 1569 679 1615 et
703 1559 738 1616 ad
760 1560 907 1617 veritatem

122 1655 187 1711 ritae
213 1652 330 1729 propius
356 1653 504 1725 accedere,
526 1653 737 1729 permediocres
758 1673 792 1711 ac
812 1655 907 1730 potius

121 1750 200 1807 leves
221 1760 313 1807 motus
333 1748 438 1805 debere
458 1767 521 1805 esse
542 1748 651 1805 dicunt.
693 1748 798 1806 Orator
812 1761 906 1809 autem
923 1761 954 1809 lb

123 1845 220 1905 omnia
247 1844 319 1917 haec,
346 1864 409 1919 quae
440 1855 587 1920 putantur,
615 1844 645 1902 iu
672 1845 817 1903 communi
843 1846 907 1903 ritae

123 1940 340 2011 consuetudine,
368 1940 443 1997 mala
477 1959 511 1997 ac
544 1940 674 2008 molesta,
701 1953 730 1998 et
762 1936 907 2018 fugienda,

122 2018 213 2097 mullo
233 2036 342 2113 majora
354 2045 383 2093 et
398 2036 545 2094 acerbiora
563 2037 656 2095 verbis
677 2037 761 2095 sacit:
783 2038 907 2113 itemque

122 2153 168 2205 ea,
179 2152 241 2209 quae
252 2132 337 2209 vulgo
351 2131 510 2207 expetenda
524 2143 607 2208 atque
621 2132 756 2209 optabilia
767 2134 906 2207 videntur,

122 2229 248 2287 dicendo
268 2228 421 2305 amplificat
442 2238 525 2302 atque
547 2238 646 2298 ornat;
674 2248 767 2305 neque
788 2231 846 2288 vult
867 2231 907 2289 ita
921 2244 954 2293 20

122 2325 237 2401 sapiens
257 2324 330 2382 inter
351 2324 452 2381 stultos
467 2324 567 2397 videri,
582 2324 633 2395 uti,
648 2326 697 2399 qui
718 2327 844 2399 audiant,
859 2339 907 2385 aut

123 2421 203 2479 illum
225 2420 350 2495 ineptum
371 2429 401 2476 et
419 2420 584 2478 Graculum
598 2431 707 2496 putent,
724 2432 781 2493 aut,
796 2423 906 2480 etiamsi

123 2516 205 2575 valde
226 2517 347 2593 probent
368 2514 516 2592 ingenium
533 2516 663 2587 oratoris,
677 2516 846 2593 sapientiam
860 2517 906 2575 ad·

124 2612 271 2685 mirentur,
285 2631 316 2670 se
337 2632 400 2670 esse
420 2612 520 2671 stultos
541 2613 660 2671 moleste
677 2613 783 2683 ferant;
797 2614 853 2671 sed
867 2614 907 2672 ita

123 2719 256 2787 peragrat
268 2727 318 2785 per
333 2708 442 2766 animos
457 2708 615 2780 hominum,
627 2708 667 2765 ita
676 2728 775 2767 sensus
787 2723 907 2767 mentes·
920 2724 953 2773 a}

124 2822 178 2880 que
198 2814 360 2880 pertractat,
381 2814 413 2861 ut
432 2822 491 2861 non
504 2803 655 2871 ,desideret
673 2804 907 2881 pbilosophorum

124 2899 340 2977 descriptiones,
355 2918 447 2975 neque
467 2900 596 2976 exquirat
612 2901 750 2973 oratione,
765 2919 907 2959 summum

119 2994 195 3086 illud
221 2996 329 3057 bouum
356 2994 386 3053 in
413 2996 547 3055 animone
572 2996 620 3070 sit,
648 3015 684 3055 an
710 2996 741 3055 in
770 3013 889 3073 corpore
896 3014 905 3066 ς

357 3090 406 3151 8·
651 3088 656 3095 ’
