2109 3417
88 245 125 307 rt
407 254 451 300 on
472 253 637 300 onnaonn.
850 254 919 315 [nr.

130 420 186 478 que
209 403 372 461 urbanitate
399 403 563 480 oonjnnota.
612 402 757 461 Tenenda
781 414 921 484 praeterea
1013 449 1019 453 -

128 509 173 557 est
186 500 280 561 omnis
302 500 465 574 antiquitas,
480 500 733 575 exemplorumque
746 500 806 558 vis:
826 520 920 578 neque

128 596 236 674 legium,
259 606 307 655 unt
324 596 397 674 juris
417 596 510 654 civilis
530 597 653 655 seientia
671 597 848 675 negligenda
866 609 918 657 est.

129 692 159 750 N
162 712 207 751 am
220 692 289 769 quid
303 712 358 769 ego
371 693 407 750 de
423 693 536 751 notione
550 694 612 769 ipat
625 693 708 769 plura
720 694 836 753 dieaml
857 714 920 769 qum

99 796 116 845 5
130 800 210 847 motu
230 790 368 866 eorporis,
383 810 446 865 que
468 804 560 867 gestu,
576 810 639 865 quae
656 791 746 863 vultu,
760 812 824 867 quae
839 792 920 849 voois

131 887 359 945 conformatione
374 906 409 944 ao
429 890 565 945 varietate
585 887 762 945 moderanda
774 899 834 945 est:
855 908 919 963 qum

130 984 192 1041 sola
211 1002 261 1060 per
276 1002 306 1040 se
321 984 382 1059 ipsa
402 994 509 1059 quanta
528 985 575 1056 sit,
590 985 762 1043 histrionum
782 985 853 1042 levis
873 1004 919 1042 ars
971 993 973 996 '

130 1091 159 1137 et
172 1099 261 1138 soene
280 1080 424 1138 declarat:
447 1081 477 1137 in
497 1081 554 1156 qud
575 1101 643 1139 oum
661 1097 761 1139 omnes
774 1082 804 1137 in
817 1081 876 1138 oris
889 1086 920 1138 et

130 1178 210 1234 vocis
242 1187 272 1234 et
305 1177 400 1236 metris
434 1178 629 1235 moderatione
663 1178 821 1248 elaborent,
854 1178 919 1251 quis

85 1283 116 1332 10
131 1274 253 1351 ignorat,
275 1293 360 1348 quam
381 1274 467 1349 pauci
488 1274 555 1345 sint,
577 1273 750 1349 fuerintque,
769 1292 840 1347 quos
861 1274 919 1331 ani·

131 1389 177 1428 mo
197 1389 280 1445 aequo
300 1362 432 1445 spectare
450 1371 614 1445 possimuat
663 1370 746 1432 Quid
766 1371 862 1429 dioam
882 1371 919 1428 de

129 1466 266 1524 thesauro
292 1486 387 1525 rerum
413 1466 555 1538 omniurn,
579 1466 738 1524 memoritil
772 1486 835 1542 quae
862 1467 919 1525 nisi

130 1573 228 1621 enetos
261 1562 385 1622 inventis
418 1562 609 1641 cogitatisque
642 1564 728 1621 rebus
761 1574 791 1622 et
824 1564 919 1623 verbis

130 1660 310 1732 adhibeatur,
335 1660 531 1737 intelligimus,
554 1660 661 1730 omnia,
685 1660 771 1718 etiam
798 1660 823 1719 si
848 1680 920 1736 prae·

85 1768 116 1816 15
130 1758 288 1816 clarissima
309 1758 415 1816 fuerint
435 1758 464 1816 in
484 1768 608 1830 oratore,
628 1758 762 1833 peritura.
807 1757 919 1819 Quam·

129 1856 230 1913 obrem
250 1854 348 1912 mirari
366 1855 541 1926 desinamus,
556 1873 619 1929 quse
634 1872 721 1911 eausa
734 1854 771 1911 sit
785 1853 921 1928 eloquen-

129 1952 202 2009 tium
221 1951 385 2027 paueitutis,
401 1970 468 2009 oum
488 1970 523 2008 ex
544 1951 580 2009 iis
599 1952 685 2009 rebus
705 1950 846 2007 universis
861 1949 920 2007 elo·

129 2047 247 2122 quentia
278 2056 401 2118 constet,
428 2048 533 2122 quibus
559 2047 590 2104 in
617 2047 738 2124 singulis
770 2046 919 2103 elaborare

128 2160 317 2219 permagnum
351 2152 410 2212 est;
449 2143 652 2218 hortemurque
684 2143 779 2220 potius
812 2142 919 2201 liberos

84 2249 116 2300 2⁰
130 2248 254 2311 nostros,
282 2249 460 2312 oeteroaque,
494 2258 618 2315 quorum
650 2240 742 2317 gloria
774 2239 859 2295 nobis
889 2249 919 2299 et

129 2335 256 2412 dignitas
282 2354 350 2393 oara
373 2344 426 2406 est,
447 2345 480 2392 ut
499 2336 597 2394 animo
622 2337 663 2393 rei
690 2335 920 2412 magnitudinem

130 2432 367 2509 complectentur,
399 2450 493 2507 neque
528 2432 564 2491 iis
600 2444 649 2491 aut
681 2432 841 2510 preceptis,
871 2440 920 2491 ant

130 2530 284 2607 magistris,
309 2540 358 2587 aut
381 2530 647 2603 exercitationibus,
670 2531 773 2606 quibus
799 2540 920 2589 utuntur

130 2646 240 2699 omnes,
262 2628 312 2685 sed
334 2627 397 2685 aliis
423 2627 604 2703 quibusdam,
625 2648 657 2687 se
678 2628 718 2701 id,
739 2628 816 2702 quod
835 2647 921 2705 expe·

84 2727 116 2779 23
129 2732 205 2797 tunt,
220 2724 356 2801 consequi
369 2744 452 2801 posse
466 2724 622 2783 confidant.

133 2940 138 2955 ·
170 2917 222 2977 vl.
249 2919 297 2977 Ao
320 2920 386 2979 med
405 2920 521 2997 quidem
546 2920 691 2979 sententid
711 2940 796 2980 nemo
814 2917 920 2995 poterit

128 3035 195 3077 esse
227 3016 307 3076 omni
338 3016 423 3077 laude
458 3018 622 3079 cumulatus
648 3028 755 3089 orator,
782 3014 838 3075 nisi
864 3012 920 3075 erit
