2109 3417
99 294 179 359 nn]
381 295 424 346 on
445 295 611 346 carrona
873 285 933 348 13⁷

98 446 174 518 dide,
203 446 266 504 sine
299 447 359 505 aliti
391 447 465 504 serie
497 446 732 522 disputationum,
760 454 790 503 et
822 445 885 502 sine

95 543 194 618 jejuna
215 543 432 600 concertatione
451 544 611 600 verborum.
666 543 731 600 Hoc
750 542 826 613 loco,
847 561 886 600 ne

98 658 155 714 qna
181 638 219 697 sit
246 638 405 709 admiratio,
432 639 457 696 ai
483 649 527 697 tot
558 649 756 713 tantarumque
789 657 885 696 rerum

98 735 177 792 nulla
192 755 208 792 a
221 754 268 791 me
283 745 427 810 praecepta
445 745 598 810 ponentur,
613 736 655 793 sic
670 745 779 792 statuo:
801 733 840 792 Ut
854 734 884 790 in

99 830 203 886 ceteris
224 830 340 900 artibus,
362 842 429 886 cum
449 830 554 887 tradita
573 830 629 887 sint
650 831 789 904 cujusque
817 829 915 887 artis5

98 925 276 996 diffieitlima,
291 926 409 1001 reliqua,
423 925 491 1000 quia
511 936 560 982 aut
574 926 704 984 faciliora
719 936 766 983 aut
780 925 885 983 similia

97 1020 164 1090 sint,
179 1021 253 1077 tradi
274 1040 332 1078 non
352 1038 471 1078 necesse
491 1039 570 1091 esse3
595 1031 627 1078 ut
647 1023 677 1078 in
697 1021 819 1097 pictura,
834 1020 883 1095 qui

97 1116 222 1173 hominis
235 1117 361 1191 speciem
376 1116 493 1192 pingere
513 1117 706 1192 perdidicerit,
721 1135 803 1192 posse
817 1135 883 1174 eum

97 1212 223 1287 cujusvis
243 1213 285 1269 vel
308 1212 405 1270 sormte
425 1212 468 1268 vel
490 1213 591 1284 artatis,
605 1213 716 1271 etiamsi
736 1232 794 1270 non
810 1213 883 1269 didi-

96 1309 180 1380 cerit,
200 1308 335 1384 pingere;
363 1327 457 1383 neque
483 1328 546 1366 esse
566 1309 735 1384 periculum,
757 1309 805 1384 qni
826 1309 929 1373 leo-10

95 1423 163 1461 nem
193 1414 240 1461 aut
265 1414 378 1461 taurum
406 1405 505 1482 pingat
534 1405 658 1481 egregie,
686 1423 723 1462 ne
750 1405 825 1463 idem
853 1405 883 1463 in

97 1500 202 1556 multis·
221 1500 290 1561 aliis,
313 1501 545 1575 quadrupedibus
570 1501 664 1558 facere
686 1515 744 1558 non
774 1502 881 1577 possit:

96 1596 205 1672 (neque
225 1609 269 1652 est
288 1596 407 1653 omnino
428 1615 472 1653 ars
493 1597 560 1667 ulia,
576 1597 605 1654 in
626 1598 682 1672 qud
698 1597 804 1668 omnia,
819 1614 882 1671 quae

95 1692 147 1749 issa
168 1702 228 1749 arte
247 1693 322 1750 effici
342 1704 470 1767 possunt,
487 1693 634 1760 adpetere
647 1693 810 1762 tradantur;
832 1693 880 1748 sed

96 1788 145 1862 qui
172 1788 326 1863 primarum
348 1798 377 1845 et
398 1800 538 1845 certarum
566 1804 660 1846 rerum
688 1801 795 1864 genera
821 1788 883 1862 ipsa
898 1799 928 1847 15

95 1884 270 1954 didicerunt,
294 1884 404 1958 reliqua
426 1903 482 1942 non
507 1885 687 1942 incommode
709 1901 883 1960 persequun-

94 1981 174 2059 tur);
195 1980 326 2036 similiter
347 1980 478 2051 arbitror,
493 1981 523 2037 in
538 1980 593 2038 hac
613 1980 672 2037 sive
692 1980 802 2038 ratione
823 1980 883 2038 sive

95 2076 301 2132 exercitatione
322 2075 447 2145 dicendi,
462 2076 511 2149 qui
532 2076 608 2133 illam
624 2076 680 2133 vim
703 2076 821 2152 adeptus
835 2077 881 2147 sit,

95 2182 249 2231 uteorum
270 2183 389 2242 mentes,
410 2172 459 2246 qni
480 2184 528 2228 aut
549 2172 585 2229 de
605 2173 762 2248 republica,
778 2184 826 2231 aut
846 2173 882 2230 de

96 2266 187 2342 ipsius
211 2268 306 2337 rebus,
331 2277 380 2323 aut
403 2267 439 2322 de
464 2267 508 2337 iis,
532 2277 633 2324 contra
655 2287 737 2342 quos,
760 2279 808 2326 aut
831 2287 882 2344 pro
896 2280 927 2328 20

95 2363 202 2438 quibos
227 2363 315 2432 dicat,
343 2382 408 2419 cam
437 2362 533 2437 aliqud
567 2364 710 2420 statuendi
743 2374 882 2440 potestate

95 2459 225 2528 audiant,
241 2458 276 2514 ad
290 2477 373 2515 snum
395 2458 542 2515 arbitrium
563 2478 676 2517 movere
692 2461 790 2534 possit,
805 2460 883 2518 hunc

92 2555 134 2610 de
154 2564 215 2611 toto
236 2554 285 2611 illo
306 2573 411 2630 genere
435 2555 606 2629 reliquarum
635 2555 796 2612 orationum
824 2575 883 2615 non

94 2650 161 2726 plus
188 2650 371 2724 quaesiturum
399 2669 471 2720 esse,
492 2651 560 2724 quid
582 2651 668 2722 dicat,
690 2669 773 2725 quam
801 2652 883 2728 Poly·

7 2746 8 2769 ³
93 2746 204 2803 cietnm
225 2746 315 2816 illum,
330 2765 396 2803 cum
417 2746 575 2803 Herculem
595 2747 729 2832 fingebat,
750 2749 884 2822 quemad·
896 2759 927 2808 25

95 2841 214 2899 modum
234 2842 338 2917 pellem
353 2852 402 2898 aut
416 2842 533 2916 hydram
551 2841 680 2918 fingeret,
695 2842 807 2900 etiamsi
820 2844 883 2900 haec

94 2957 244 3013 nonquam
258 2939 412 3014 separatim
426 2939 522 2998 facere
536 2938 690 2997 didicisset.

295 3057 303 3076 τ
334 3033 398 3091 12*
