<?xml version="1.0" encoding="UTF-8"?>
<!DOCTYPE html PUBLIC "-//W3C//DTD XHTML 1.0 Transitional//EN"
    "http://www.w3.org/TR/xhtml1/DTD/xhtml1-transitional.dtd">
<html xmlns="http://www.w3.org/1999/xhtml" xml:lang="en" lang="en">
 <head>
  <title>
</title>
<meta http-equiv="Content-Type" content="text/html;charset=utf-8" />
  <meta name='ocr-system' content='tesseract 3.04.00' />
  <meta name='ocr-capabilities' content='ocr_page ocr_carea ocr_par ocr_line ocrx_word'/>
</head>
<body>
  <div class='ocr_page' id='page_1' title='image "./mtciceronisadqu00dillgoog_0140.png"; bbox 0 0 2109 3417; ppageno 0'>
   <div class='ocr_carea' id='block_1_1' title="bbox 126 279 955 350">
    <p class='ocr_par' dir='ltr' id='par_1_1' title="bbox 126 279 955 350">
     <span class='ocr_line' id='line_1_1' title="bbox 126 279 955 350; baseline 0.001 -13"><span class='ocrx_word' id='word_1_1' title='bbox 126 279 179 338; x_wconf 78' lang='lat'>134</span> <span class='ocrx_word' id='word_1_2' title='bbox 443 289 486 336; x_wconf 76' lang='lat' dir='ltr'>os</span> <span class='ocrx_word' id='word_1_3' title='bbox 508 289 672 336; x_wconf 68' lang='lat' dir='ltr'>errrorem.</span> <span class='ocrx_word' id='word_1_4' title='bbox 822 293 827 302; x_wconf 85' lang='grc'>’</span> <span class='ocrx_word' id='word_1_5' title='bbox 873 291 911 350; x_wconf 76' lang='lat' dir='ltr'>[n.</span> <span class='ocrx_word' id='word_1_6' title='bbox 922 291 955 339; x_wconf 91' lang='lat'>11.</span> 
     </span>
    </p>
   </div>
   <div class='ocr_carea' id='block_1_2' title="bbox 135 436 955 879">
    <p class='ocr_par' dir='ltr' id='par_1_2' title="bbox 167 436 952 518">
     <span class='ocr_line' id='line_1_2' title="bbox 167 436 952 518; baseline 0.004 -26"><span class='ocrx_word' id='word_1_7' title='bbox 167 451 226 492; x_wconf 90' lang='lat' dir='ltr'>non</span> <span class='ocrx_word' id='word_1_8' title='bbox 254 453 344 493; x_wconf 85' lang='lat' dir='ltr'>eonor</span> <span class='ocrx_word' id='word_1_9' title='bbox 371 437 526 514; x_wconf 80' lang='lat' dir='ltr'>attingere:</span> <span class='ocrx_word' id='word_1_10' title='bbox 562 457 627 496; x_wconf 88' lang='lat' dir='ltr'>cum</span> <span class='ocrx_word' id='word_1_11' title='bbox 656 438 700 496; x_wconf 89' lang='lat' dir='ltr'>his</span> <span class='ocrx_word' id='word_1_12' title='bbox 727 455 773 499; x_wconf 87' lang='lat' dir='ltr'>me</span> <span class='ocrx_word' id='word_1_13' title='bbox 801 436 846 514; x_wconf 92' lang='lat' dir='ltr'>(ut</span> <span class='ocrx_word' id='word_1_14' title='bbox 878 438 952 518; x_wconf 85' lang='lat' dir='ltr'>dixi)</span> 
     </span>
    </p>

    <p class='ocr_par' dir='ltr' id='par_1_3' title="bbox 167 531 955 610">
     <span class='ocr_line' id='line_1_3' title="bbox 167 531 955 610; baseline 0.001 -21"><span class='ocrx_word' id='word_1_15' title='bbox 167 531 291 603; x_wconf 84' lang='lat' dir='ltr'>oblecto,</span> <span class='ocrx_word' id='word_1_16' title='bbox 306 533 354 606; x_wconf 92' lang='lat' dir='ltr'>qui</span> <span class='ocrx_word' id='word_1_17' title='bbox 374 553 420 590; x_wconf 86' lang='lat' dir='ltr'>res</span> <span class='ocrx_word' id='word_1_18' title='bbox 440 546 545 609; x_wconf 82' lang='lat' dir='ltr'>gestas,</span> <span class='ocrx_word' id='word_1_19' title='bbox 564 545 611 592; x_wconf 82' lang='lat' dir='ltr'>aut</span> <span class='ocrx_word' id='word_1_20' title='bbox 631 535 678 608; x_wconf 90' lang='lat' dir='ltr'>qui</span> <span class='ocrx_word' id='word_1_21' title='bbox 701 535 845 592; x_wconf 83' lang='lat' dir='ltr'>orationes</span> <span class='ocrx_word' id='word_1_22' title='bbox 865 536 955 610; x_wconf 85' lang='lat' dir='ltr'>serip-</span> 
     </span>
    </p>

    <p class='ocr_par' dir='ltr' id='par_1_4' title="bbox 167 629 954 705">
     <span class='ocr_line' id='line_1_4' title="bbox 167 629 954 705; baseline 0.003 -21"><span class='ocrx_word' id='word_1_23' title='bbox 167 641 266 684; x_wconf 91' lang='lat' dir='ltr'>serunt</span> <span class='ocrx_word' id='word_1_24' title='bbox 285 648 361 699; x_wconf 82' lang='lat' dir='ltr'>suas,</span> <span class='ocrx_word' id='word_1_25' title='bbox 377 639 425 686; x_wconf 82' lang='lat' dir='ltr'>aut</span> <span class='ocrx_word' id='word_1_26' title='bbox 444 630 493 704; x_wconf 93' lang='lat' dir='ltr'>qui</span> <span class='ocrx_word' id='word_1_27' title='bbox 513 631 554 687; x_wconf 83' lang='lat' dir='ltr'>ita</span> <span class='ocrx_word' id='word_1_28' title='bbox 573 631 737 705; x_wconf 86' lang='lat' dir='ltr'>loquuntur,</span> <span class='ocrx_word' id='word_1_29' title='bbox 752 640 783 686; x_wconf 91' lang='lat' dir='ltr'>ut</span> <span class='ocrx_word' id='word_1_30' title='bbox 802 629 954 686; x_wconf 85' lang='lat' dir='ltr'>videantur</span> 
     </span>
    </p>

    <p class='ocr_par' dir='ltr' id='par_1_5' title="bbox 135 724 953 879">
     <span class='ocr_line' id='line_1_5' title="bbox 167 724 953 800; baseline 0.004 -20"><span class='ocrx_word' id='word_1_31' title='bbox 167 724 291 780; x_wconf 84' lang='lat' dir='ltr'>voluisse</span> <span class='ocrx_word' id='word_1_32' title='bbox 311 726 404 800; x_wconf 84' lang='lat' dir='ltr'>nobis,</span> <span class='ocrx_word' id='word_1_33' title='bbox 418 726 467 799; x_wconf 90' lang='lat' dir='ltr'>qui</span> <span class='ocrx_word' id='word_1_34' title='bbox 486 745 546 784; x_wconf 91' lang='lat' dir='ltr'>non</span> <span class='ocrx_word' id='word_1_35' title='bbox 567 745 665 784; x_wconf 89' lang='lat' dir='ltr'>sumus</span> <span class='ocrx_word' id='word_1_36' title='bbox 680 725 874 798; x_wconf 84' lang='lat' dir='ltr'>eruditissimi,</span> <span class='ocrx_word' id='word_1_37' title='bbox 889 745 953 784; x_wconf 85' lang='lat' dir='ltr'>esse</span> 
     </span>
     <span class='ocr_line' id='line_1_6' title="bbox 135 820 329 879; baseline -0.005 0"><span class='ocrx_word' id='word_1_38' title='bbox 135 831 151 879; x_wconf 79' lang='grc' dir='ltr'>ὅ</span> <span class='ocrx_word' id='word_1_39' title='bbox 168 820 329 879; x_wconf 81' lang='lat' dir='ltr'>familiares.</span> 
     </span>
    </p>
   </div>
   <div class='ocr_carea' id='block_1_3' title="bbox 107 1014 1051 1572">
    <p class='ocr_par' dir='ltr' id='par_1_6' title="bbox 165 1014 1051 1380">
     <span class='ocr_line' id='line_1_7' title="bbox 206 1014 951 1101; baseline 0.004 -30"><span class='ocrx_word' id='word_1_40' title='bbox 206 1014 272 1072; x_wconf 91' lang='lat' dir='ltr'>XV.</span> <span class='ocrx_word' id='word_1_41' title='bbox 304 1015 362 1072; x_wconf 85' lang='lat' dir='ltr'>Sed</span> <span class='ocrx_word' id='word_1_42' title='bbox 389 1015 458 1074; x_wconf 89' lang='lat' dir='ltr'>illuo</span> <span class='ocrx_word' id='word_1_43' title='bbox 488 1017 583 1074; x_wconf 90' lang='lat' dir='ltr'>redeo.</span> <span class='ocrx_word' id='word_1_44' title='bbox 625 1016 784 1087; x_wconf 79' lang='lat' dir='ltr'>Videtisne,</span> <span class='ocrx_word' id='word_1_45' title='bbox 812 1026 951 1101; x_wconf 80' lang='lat' dir='ltr'>quantum</span> 
     </span>
     <span class='ocr_line' id='line_1_8' title="bbox 166 1099 952 1183; baseline 0.001 -16"><span class='ocrx_word' id='word_1_46' title='bbox 166 1129 270 1168; x_wconf 88' lang='lat' dir='ltr'>munus</span> <span class='ocrx_word' id='word_1_47' title='bbox 294 1099 481 1182; x_wconf 61' lang='lat' dir='ltr'>sitor‘itoris-</span> <span class='ocrx_word' id='word_1_48' title='bbox 495 1113 633 1170; x_wconf 67' lang='lat' dir='ltr'>historie?</span> <span class='ocrx_word' id='word_1_49' title='bbox 660 1113 735 1170; x_wconf 82' lang='lat' dir='ltr'>haud</span> <span class='ocrx_word' id='word_1_50' title='bbox 756 1113 826 1183; x_wconf 85' lang='lat' dir='ltr'>scio,</span> <span class='ocrx_word' id='word_1_51' title='bbox 842 1132 878 1170; x_wconf 82' lang='lat' dir='ltr'>un</span> <span class='ocrx_word' id='word_1_52' title='bbox 899 1112 952 1169; x_wconf 87' lang='lat' dir='ltr'>flu·</span> 
     </span>
     <span class='ocr_line' id='line_1_9' title="bbox 165 1191 1051 1284; baseline 0.002 -20"><span class='ocrx_word' id='word_1_53' title='bbox 165 1207 244 1265; x_wconf 89' lang='lat' dir='ltr'>mine</span> <span class='ocrx_word' id='word_1_54' title='bbox 271 1209 418 1279; x_wconf 84' lang='lat' dir='ltr'>orationis,</span> <span class='ocrx_word' id='word_1_55' title='bbox 439 1219 468 1266; x_wconf 87' lang='lat' dir='ltr'>et</span> <span class='ocrx_word' id='word_1_56' title='bbox 492 1209 627 1266; x_wconf 81' lang='lat' dir='ltr'>varietate</span> <span class='ocrx_word' id='word_1_57' title='bbox 657 1209 828 1266; x_wconf 79' lang='lat' dir='ltr'>maximum:</span> <span class='ocrx_word' id='word_1_58' title='bbox 855 1227 950 1284; x_wconf 78' lang='lat' dir='ltr'>noque</span> <span class='ocrx_word' id='word_1_59' title='bbox 1050 1191 1051 1242; x_wconf 85' lang='lat'><em>]</em></span> 
     </span>
     <span class='ocr_line' id='line_1_10' title="bbox 165 1283 1051 1380; baseline 0.003 -21"><span class='ocrx_word' id='word_1_60' title='bbox 165 1289 261 1360; x_wconf 80' lang='lat' dir='ltr'>tamen</span> <span class='ocrx_word' id='word_1_61' title='bbox 275 1323 337 1360; x_wconf 80' lang='lat' dir='ltr'>eam</span> <span class='ocrx_word' id='word_1_62' title='bbox 352 1305 463 1380; x_wconf 85' lang='lat' dir='ltr'>reperio</span> <span class='ocrx_word' id='word_1_63' title='bbox 479 1324 599 1379; x_wconf 82' lang='lat' dir='ltr'>usquam</span> <span class='ocrx_word' id='word_1_64' title='bbox 613 1305 766 1380; x_wconf 80' lang='lat' dir='ltr'>separatim</span> <span class='ocrx_word' id='word_1_65' title='bbox 779 1305 950 1362; x_wconf 76' lang='lat' dir='ltr'>instructam</span> <span class='ocrx_word' id='word_1_66' title='bbox 1050 1283 1051 1354; x_wconf 60' lang='lat' dir='ltr'>i</span> 
     </span>
    </p>

    <p class='ocr_par' dir='ltr' id='par_1_7' title="bbox 107 1400 949 1572">
     <span class='ocr_line' id='line_1_11' title="bbox 119 1400 947 1477; baseline 0.004 -22"><span class='ocrx_word' id='word_1_67' title='bbox 119 1407 150 1455; x_wconf 88' lang='lat'>10</span> <span class='ocrx_word' id='word_1_68' title='bbox 165 1400 310 1457; x_wconf 84' lang='lat' dir='ltr'>rhetorum</span> <span class='ocrx_word' id='word_1_69' title='bbox 331 1401 479 1477; x_wconf 85' lang='lat' dir='ltr'>praeoeptis</span> <span class='ocrx_word' id='word_1_70' title='bbox 489 1408 506 1459; x_wconf 74' lang='grc' dir='ltr'>τ’</span> <span class='ocrx_word' id='word_1_71' title='bbox 517 1401 573 1458; x_wconf 85' lang='lat' dir='ltr'>sita</span> <span class='ocrx_word' id='word_1_72' title='bbox 588 1412 653 1458; x_wconf 89' lang='lat' dir='ltr'>sunt</span> <span class='ocrx_word' id='word_1_73' title='bbox 668 1401 744 1457; x_wconf 92' lang='lat' dir='ltr'>enim</span> <span class='ocrx_word' id='word_1_74' title='bbox 760 1411 825 1458; x_wconf 79' lang='lat' dir='ltr'>ante</span> <span class='ocrx_word' id='word_1_75' title='bbox 838 1401 947 1458; x_wconf 82' lang='lat' dir='ltr'>oculos.</span> 
     </span>
     <span class='ocr_line' id='line_1_12' title="bbox 107 1484 949 1572; baseline 0.001 -21"><span class='ocrx_word' id='word_1_76' title='bbox 107 1484 110 1491; x_wconf 55' lang='grc'>’</span> <span class='ocrx_word' id='word_1_77' title='bbox 164 1494 240 1552; x_wconf 85' lang='lat' dir='ltr'>Nam</span> <span class='ocrx_word' id='word_1_78' title='bbox 262 1496 326 1570; x_wconf 89' lang='lat' dir='ltr'>quis</span> <span class='ocrx_word' id='word_1_79' title='bbox 346 1497 448 1568; x_wconf 80' lang='lat' dir='ltr'>nescit,</span> <span class='ocrx_word' id='word_1_80' title='bbox 468 1496 588 1572; x_wconf 84' lang='lat' dir='ltr'>primum</span> <span class='ocrx_word' id='word_1_81' title='bbox 610 1515 672 1553; x_wconf 86' lang='lat' dir='ltr'>esse</span> <span class='ocrx_word' id='word_1_82' title='bbox 697 1496 821 1552; x_wconf 84' lang='lat' dir='ltr'>historiae</span> <span class='ocrx_word' id='word_1_83' title='bbox 843 1496 949 1572; x_wconf 84' lang='lat' dir='ltr'>legem,</span> 
     </span>
    </p>
   </div>
   <div class='ocr_carea' id='block_1_4' title="bbox 117 1591 949 1956">
    <p class='ocr_par' dir='ltr' id='par_1_8' title="bbox 117 1591 949 1956">
     <span class='ocr_line' id='line_1_13' title="bbox 164 1591 948 1666; baseline -0.001 -17"><span class='ocrx_word' id='word_1_84' title='bbox 164 1610 202 1649; x_wconf 91' lang='lat' dir='ltr'>ne</span> <span class='ocrx_word' id='word_1_85' title='bbox 216 1592 283 1666; x_wconf 91' lang='lat' dir='ltr'>quid</span> <span class='ocrx_word' id='word_1_86' title='bbox 299 1592 361 1649; x_wconf 83' lang='lat' dir='ltr'>falsi</span> <span class='ocrx_word' id='word_1_87' title='bbox 376 1593 472 1650; x_wconf 80' lang='lat' dir='ltr'>dicere</span> <span class='ocrx_word' id='word_1_88' title='bbox 493 1593 615 1649; x_wconf 71' lang='lat' dir='ltr'>auderti</span> <span class='ocrx_word' id='word_1_89' title='bbox 637 1591 741 1649; x_wconf 87' lang='lat' dir='ltr'>deinde</span> <span class='ocrx_word' id='word_1_90' title='bbox 755 1591 874 1666; x_wconf 69' lang='lat' dir='ltr'>nequid</span> <span class='ocrx_word' id='word_1_91' title='bbox 889 1591 948 1649; x_wconf 86' lang='lat' dir='ltr'>veri</span> 
     </span>
     <span class='ocr_line' id='line_1_14' title="bbox 162 1687 949 1764; baseline -0.001 -19"><span class='ocrx_word' id='word_1_92' title='bbox 162 1707 222 1745; x_wconf 89' lang='lat' dir='ltr'>non</span> <span class='ocrx_word' id='word_1_93' title='bbox 242 1689 364 1746; x_wconf 75' lang='lat' dir='ltr'>auderti</span> <span class='ocrx_word' id='word_1_94' title='bbox 384 1707 421 1747; x_wconf 85' lang='lat' dir='ltr'>ne</span> <span class='ocrx_word' id='word_1_95' title='bbox 441 1708 497 1763; x_wconf 86' lang='lat' dir='ltr'>qua</span> <span class='ocrx_word' id='word_1_96' title='bbox 514 1687 641 1762; x_wconf 77' lang='lat' dir='ltr'>suspicio</span> <span class='ocrx_word' id='word_1_97' title='bbox 661 1688 759 1764; x_wconf 73' lang='lat' dir='ltr'>gratim</span> <span class='ocrx_word' id='word_1_98' title='bbox 779 1689 816 1744; x_wconf 90' lang='lat' dir='ltr'>sit</span> <span class='ocrx_word' id='word_1_99' title='bbox 835 1688 863 1744; x_wconf 91' lang='lat' dir='ltr'>in</span> <span class='ocrx_word' id='word_1_100' title='bbox 878 1689 949 1745; x_wconf 88' lang='lat' dir='ltr'>sori·</span> 
     </span>
     <span class='ocr_line' id='line_1_15' title="bbox 163 1784 948 1860; baseline 0 -19"><span class='ocrx_word' id='word_1_101' title='bbox 163 1785 276 1842; x_wconf 73' lang='lat' dir='ltr'>bondo?</span> <span class='ocrx_word' id='word_1_102' title='bbox 296 1805 333 1842; x_wconf 88' lang='lat' dir='ltr'>ue</span> <span class='ocrx_word' id='word_1_103' title='bbox 353 1803 409 1860; x_wconf 83' lang='lat' dir='ltr'>qua</span> <span class='ocrx_word' id='word_1_104' title='bbox 429 1784 599 1842; x_wconf 78' lang='lat' dir='ltr'>simultatisi</span> <span class='ocrx_word' id='word_1_105' title='bbox 628 1784 701 1841; x_wconf 85' lang='lat' dir='ltr'>Haeo</span> <span class='ocrx_word' id='word_1_106' title='bbox 722 1784 834 1842; x_wconf 84' lang='lat' dir='ltr'>scilicet</span> <span class='ocrx_word' id='word_1_107' title='bbox 847 1784 948 1841; x_wconf 81' lang='lat' dir='ltr'>fundu·</span> 
     </span>
     <span class='ocr_line' id='line_1_16' title="bbox 117 1879 949 1956; baseline 0 -18"><span class='ocrx_word' id='word_1_108' title='bbox 117 1890 147 1938; x_wconf 84' lang='lat'>15</span> <span class='ocrx_word' id='word_1_109' title='bbox 163 1894 260 1938; x_wconf 83' lang='lat' dir='ltr'>menta</span> <span class='ocrx_word' id='word_1_110' title='bbox 273 1892 341 1938; x_wconf 81' lang='lat' dir='ltr'>nota</span> <span class='ocrx_word' id='word_1_111' title='bbox 354 1892 421 1938; x_wconf 91' lang='lat' dir='ltr'>sunt</span> <span class='ocrx_word' id='word_1_112' title='bbox 441 1882 581 1938; x_wconf 90' lang='lat' dir='ltr'>omnibus.</span> <span class='ocrx_word' id='word_1_113' title='bbox 624 1879 691 1956; x_wconf 81' lang='lat' dir='ltr'>Ipsa</span> <span class='ocrx_word' id='word_1_114' title='bbox 712 1891 806 1937; x_wconf 82' lang='lat' dir='ltr'>autem</span> <span class='ocrx_word' id='word_1_115' title='bbox 826 1881 949 1938; x_wconf 82' lang='lat' dir='ltr'>exaedifi-</span> 
     </span>
    </p>
   </div>
   <div class='ocr_carea' id='block_1_5' title="bbox 163 1975 1051 2050">
    <p class='ocr_par' dir='ltr' id='par_1_9' title="bbox 163 1975 1051 2050">
     <span class='ocr_line' id='line_1_17' title="bbox 163 1975 1051 2050; baseline 0.002 -18"><span class='ocrx_word' id='word_1_116' title='bbox 163 1977 240 2032; x_wconf 81' lang='lat' dir='ltr'>catio</span> <span class='ocrx_word' id='word_1_117' title='bbox 253 1976 345 2050; x_wconf 82' lang='lat' dir='ltr'>positu</span> <span class='ocrx_word' id='word_1_118' title='bbox 359 1987 402 2032; x_wconf 90' lang='lat' dir='ltr'>est</span> <span class='ocrx_word' id='word_1_119' title='bbox 416 1977 445 2032; x_wconf 91' lang='lat' dir='ltr'>in</span> <span class='ocrx_word' id='word_1_120' title='bbox 459 1978 545 2033; x_wconf 89' lang='lat' dir='ltr'>rebus</span> <span class='ocrx_word' id='word_1_121' title='bbox 558 1986 587 2032; x_wconf 84' lang='lat' dir='ltr'>et</span> <span class='ocrx_word' id='word_1_122' title='bbox 601 1976 702 2034; x_wconf 76' lang='lat' dir='ltr'>verbis</span> <span class='ocrx_word' id='word_1_123' title='bbox 744 1975 854 2032; x_wconf 88' lang='lat' dir='ltr'>Rerum</span> <span class='ocrx_word' id='word_1_124' title='bbox 873 1977 947 2034; x_wconf 79' lang='lat' dir='ltr'>ratio</span> <span class='ocrx_word' id='word_1_125' title='bbox 1050 2013 1051 2022; x_wconf 28' lang='grc' dir='ltr'><strong>κ</strong></span> 
     </span>
    </p>
   </div>
   <div class='ocr_carea' id='block_1_6' title="bbox 110 2071 948 3110">
    <p class='ocr_par' dir='ltr' id='par_1_10' title="bbox 110 2071 948 3110">
     <span class='ocr_line' id='line_1_18' title="bbox 161 2071 948 2148; baseline 0 -20"><span class='ocrx_word' id='word_1_126' title='bbox 161 2072 290 2128; x_wconf 88' lang='lat' dir='ltr'>ordinem</span> <span class='ocrx_word' id='word_1_127' title='bbox 312 2082 470 2146; x_wconf 88' lang='lat' dir='ltr'>temporum</span> <span class='ocrx_word' id='word_1_128' title='bbox 491 2072 644 2143; x_wconf 80' lang='lat' dir='ltr'>desiderat,</span> <span class='ocrx_word' id='word_1_129' title='bbox 659 2071 809 2148; x_wconf 82' lang='lat' dir='ltr'>regionum</span> <span class='ocrx_word' id='word_1_130' title='bbox 823 2072 948 2148; x_wconf 83' lang='lat' dir='ltr'>descrip-</span> 
     </span>
     <span class='ocr_line' id='line_1_19' title="bbox 161 2166 947 2244; baseline 0.004 -22"><span class='ocrx_word' id='word_1_131' title='bbox 161 2166 285 2223; x_wconf 84' lang='lat' dir='ltr'>tionem:</span> <span class='ocrx_word' id='word_1_132' title='bbox 314 2167 373 2222; x_wconf 85' lang='lat' dir='ltr'>vult</span> <span class='ocrx_word' id='word_1_133' title='bbox 399 2167 495 2237; x_wconf 86' lang='lat' dir='ltr'>etiam,</span> <span class='ocrx_word' id='word_1_134' title='bbox 516 2170 652 2242; x_wconf 83' lang='lat' dir='ltr'>quoniam</span> <span class='ocrx_word' id='word_1_135' title='bbox 673 2168 702 2224; x_wconf 88' lang='lat' dir='ltr'>in</span> <span class='ocrx_word' id='word_1_136' title='bbox 723 2169 808 2224; x_wconf 89' lang='lat' dir='ltr'>rebus</span> <span class='ocrx_word' id='word_1_137' title='bbox 834 2168 947 2244; x_wconf 80' lang='lat' dir='ltr'>mugnis</span> 
     </span>
     <span class='ocr_line' id='line_1_20' title="bbox 160 2263 946 2339; baseline 0.001 -19"><span class='ocrx_word' id='word_1_138' title='bbox 160 2263 355 2337; x_wconf 69' lang='lat' dir='ltr'>memoriisque</span> <span class='ocrx_word' id='word_1_139' title='bbox 389 2263 483 2338; x_wconf 79' lang='lat' dir='ltr'>dignis</span> <span class='ocrx_word' id='word_1_140' title='bbox 516 2263 638 2321; x_wconf 83' lang='lat' dir='ltr'>consilia</span> <span class='ocrx_word' id='word_1_141' title='bbox 673 2263 806 2339; x_wconf 83' lang='lat' dir='ltr'>primum,</span> <span class='ocrx_word' id='word_1_142' title='bbox 841 2264 946 2322; x_wconf 84' lang='lat' dir='ltr'>deiude</span> 
     </span>
     <span class='ocr_line' id='line_1_21' title="bbox 113 2361 947 2435; baseline 0.001 -18"><span class='ocrx_word' id='word_1_143' title='bbox 113 2369 234 2431; x_wconf 67' lang='lat' dir='ltr'>morta,</span> <span class='ocrx_word' id='word_1_144' title='bbox 248 2372 348 2435; x_wconf 77' lang='lat' dir='ltr'>postea</span> <span class='ocrx_word' id='word_1_145' title='bbox 361 2368 488 2430; x_wconf 86' lang='lat' dir='ltr'>eventus,</span> <span class='ocrx_word' id='word_1_146' title='bbox 503 2370 713 2435; x_wconf 81' lang='lat' dir='ltr'>exspectantur,</span> <span class='ocrx_word' id='word_1_147' title='bbox 725 2370 754 2416; x_wconf 89' lang='lat' dir='ltr'>et</span> <span class='ocrx_word' id='word_1_148' title='bbox 768 2361 803 2416; x_wconf 89' lang='lat' dir='ltr'>de</span> <span class='ocrx_word' id='word_1_149' title='bbox 818 2361 947 2418; x_wconf 87' lang='lat' dir='ltr'>oonsiiiis</span> 
     </span>
     <span class='ocr_line' id='line_1_22' title="bbox 159 2455 948 2533; baseline 0.003 -21"><span class='ocrx_word' id='word_1_150' title='bbox 159 2456 315 2533; x_wconf 81' lang='lat' dir='ltr'>significari</span> <span class='ocrx_word' id='word_1_151' title='bbox 330 2455 398 2530; x_wconf 89' lang='lat' dir='ltr'>quid</span> <span class='ocrx_word' id='word_1_152' title='bbox 413 2455 534 2530; x_wconf 85' lang='lat' dir='ltr'>scriptor</span> <span class='ocrx_word' id='word_1_153' title='bbox 549 2457 659 2530; x_wconf 89' lang='lat' dir='ltr'>probet,</span> <span class='ocrx_word' id='word_1_154' title='bbox 671 2466 700 2512; x_wconf 90' lang='lat' dir='ltr'>et</span> <span class='ocrx_word' id='word_1_155' title='bbox 713 2455 743 2513; x_wconf 91' lang='lat' dir='ltr'>in</span> <span class='ocrx_word' id='word_1_156' title='bbox 758 2457 843 2513; x_wconf 89' lang='lat' dir='ltr'>rebus</span> <span class='ocrx_word' id='word_1_157' title='bbox 856 2458 948 2533; x_wconf 84' lang='lat' dir='ltr'>gestis</span> 
     </span>
     <span class='ocr_line' id='line_1_23' title="bbox 159 2547 946 2625; baseline 0.001 -17"><span class='ocrx_word' id='word_1_158' title='bbox 159 2552 308 2624; x_wconf 82' lang='lat' dir='ltr'>declarari,</span> <span class='ocrx_word' id='word_1_159' title='bbox 322 2571 381 2609; x_wconf 90' lang='lat' dir='ltr'>non</span> <span class='ocrx_word' id='word_1_160' title='bbox 401 2551 492 2608; x_wconf 80' lang='lat' dir='ltr'>solum</span> <span class='ocrx_word' id='word_1_161' title='bbox 513 2547 581 2625; x_wconf 89' lang='lat' dir='ltr'>quid</span> <span class='ocrx_word' id='word_1_162' title='bbox 601 2562 695 2609; x_wconf 83' lang='lat' dir='ltr'>actum</span> <span class='ocrx_word' id='word_1_163' title='bbox 711 2562 760 2608; x_wconf 81' lang='lat' dir='ltr'>aut</span> <span class='ocrx_word' id='word_1_164' title='bbox 774 2550 883 2614; x_wconf 83' lang='lat' dir='ltr'>dictum</span> <span class='ocrx_word' id='word_1_165' title='bbox 898 2551 946 2624; x_wconf 71' lang='lat' dir='ltr'>sit&#39;,</span> 
     </span>
     <span class='ocr_line' id='line_1_24' title="bbox 158 2647 946 2723; baseline 0 -19"><span class='ocrx_word' id='word_1_166' title='bbox 158 2648 207 2704; x_wconf 86' lang='lat' dir='ltr'>sed</span> <span class='ocrx_word' id='word_1_167' title='bbox 229 2649 314 2705; x_wconf 89' lang='lat' dir='ltr'>etiam</span> <span class='ocrx_word' id='word_1_168' title='bbox 335 2647 496 2723; x_wconf 90' lang='lat' dir='ltr'>quomodo:</span> <span class='ocrx_word' id='word_1_169' title='bbox 518 2657 547 2704; x_wconf 87' lang='lat' dir='ltr'>et</span> <span class='ocrx_word' id='word_1_170' title='bbox 566 2666 631 2704; x_wconf 88' lang='lat' dir='ltr'>oum</span> <span class='ocrx_word' id='word_1_171' title='bbox 646 2648 682 2704; x_wconf 87' lang='lat' dir='ltr'>de</span> <span class='ocrx_word' id='word_1_172' title='bbox 696 2657 800 2704; x_wconf 85' lang='lat' dir='ltr'>eventu</span> <span class='ocrx_word' id='word_1_173' title='bbox 821 2647 946 2720; x_wconf 81' lang='lat' dir='ltr'>dicetur,</span> 
     </span>
     <span class='ocr_line' id='line_1_25' title="bbox 157 2743 948 2820; baseline -0.001 -19"><span class='ocrx_word' id='word_1_174' title='bbox 157 2755 189 2801; x_wconf 90' lang='lat' dir='ltr'>ut</span> <span class='ocrx_word' id='word_1_175' title='bbox 203 2764 297 2802; x_wconf 83' lang='lat' dir='ltr'>oausae</span> <span class='ocrx_word' id='word_1_176' title='bbox 318 2744 495 2820; x_wconf 79' lang='lat' dir='ltr'>explicentur</span> <span class='ocrx_word' id='word_1_177' title='bbox 516 2762 626 2815; x_wconf 88' lang='lat' dir='ltr'>omnes,</span> <span class='ocrx_word' id='word_1_178' title='bbox 641 2744 683 2800; x_wconf 87' lang='lat' dir='ltr'>vel</span> <span class='ocrx_word' id='word_1_179' title='bbox 706 2743 798 2815; x_wconf 76' lang='lat' dir='ltr'>casus,</span> <span class='ocrx_word' id='word_1_180' title='bbox 813 2744 857 2801; x_wconf 86' lang='lat' dir='ltr'>rel</span> <span class='ocrx_word' id='word_1_181' title='bbox 872 2744 948 2819; x_wconf 81' lang='lat' dir='ltr'>supi-</span> 
     </span>
     <span class='ocr_line' id='line_1_26' title="bbox 110 2826 945 2916; baseline -0.001 -19"><span class='ocrx_word' id='word_1_182' title='bbox 110 2854 142 2903; x_wconf 74' lang='lat'>25</span> <span class='ocrx_word' id='word_1_183' title='bbox 157 2826 252 2914; x_wconf 76' lang='lat' dir='ltr'>eniiae,</span> <span class='ocrx_word' id='word_1_184' title='bbox 280 2841 323 2898; x_wconf 85' lang='lat' dir='ltr'>rel</span> <span class='ocrx_word' id='word_1_185' title='bbox 358 2839 544 2898; x_wconf 84' lang='lat' dir='ltr'>temeritatis:</span> <span class='ocrx_word' id='word_1_186' title='bbox 579 2839 784 2916; x_wconf 84' lang='lat' dir='ltr'>hominumque</span> <span class='ocrx_word' id='word_1_187' title='bbox 817 2840 945 2914; x_wconf 86' lang='lat' dir='ltr'>ipsorum</span> 
     </span>
     <span class='ocr_line' id='line_1_27' title="bbox 156 2936 944 3013; baseline -0.003 -19"><span class='ocrx_word' id='word_1_188' title='bbox 156 2956 216 2994; x_wconf 89' lang='lat' dir='ltr'>non</span> <span class='ocrx_word' id='word_1_189' title='bbox 242 2937 334 2994; x_wconf 90' lang='lat' dir='ltr'>solum</span> <span class='ocrx_word' id='word_1_190' title='bbox 355 2956 401 2994; x_wconf 90' lang='lat' dir='ltr'>res</span> <span class='ocrx_word' id='word_1_191' title='bbox 422 2946 519 3013; x_wconf 72' lang='lat' dir='ltr'>gestus,</span> <span class='ocrx_word' id='word_1_192' title='bbox 542 2936 591 2992; x_wconf 94' lang='lat' dir='ltr'>sed</span> <span class='ocrx_word' id='word_1_193' title='bbox 619 2937 715 3007; x_wconf 81' lang='lat' dir='ltr'>etium,</span> <span class='ocrx_word' id='word_1_194' title='bbox 737 2937 784 3010; x_wconf 91' lang='lat' dir='ltr'>qui</span> <span class='ocrx_word' id='word_1_195' title='bbox 812 2936 944 2992; x_wconf 72' lang='lat' dir='ltr'>semdae</span> 
     </span>
     <span class='ocr_line' id='line_1_28' title="bbox 157 3033 946 3110; baseline 0 -18"><span class='ocrx_word' id='word_1_196' title='bbox 157 3035 275 3092; x_wconf 86' lang='lat' dir='ltr'>nomine</span> <span class='ocrx_word' id='word_1_197' title='bbox 288 3034 439 3107; x_wconf 77' lang='lat' dir='ltr'>excellent,</span> <span class='ocrx_word' id='word_1_198' title='bbox 453 3033 490 3090; x_wconf 91' lang='lat' dir='ltr'>de</span> <span class='ocrx_word' id='word_1_199' title='bbox 504 3033 643 3110; x_wconf 78' lang='lat' dir='ltr'>cujusque</span> <span class='ocrx_word' id='word_1_200' title='bbox 656 3033 714 3090; x_wconf 76' lang='lat' dir='ltr'>virt</span> <span class='ocrx_word' id='word_1_201' title='bbox 728 3043 811 3108; x_wconf 79' lang='lat' dir='ltr'>atque</span> <span class='ocrx_word' id='word_1_202' title='bbox 829 3033 946 3092; x_wconf 77' lang='lat' dir='ltr'>neturd.</span> 
     </span>
    </p>
   </div>
   <div class='ocr_carea' id='block_1_7' title="bbox 0 0 1060 3417">
    <p class='ocr_par' dir='ltr' id='par_1_11' title="bbox 0 0 1060 3417">
     <span class='ocr_line' id='line_1_29' title="bbox 0 0 1060 3417; baseline 0 4"><span class='ocrx_word' id='word_1_203' title='bbox 0 0 1060 3417; x_wconf 95' lang='lat' dir='ltr'> </span> 
     </span>
    </p>
   </div>
  </div>
 </body>
</html>
