2109 3417
113 290 140 337 ι.
151 290 182 350 ¹-1
394 290 437 338 nn
459 287 623 339 onssonn
904 276 945 337 79

112 438 157 509 iis,
180 437 229 513 qui
252 437 279 495 si
302 448 437 513 prosunt,
459 438 586 509 honoris,
607 438 717 516 grstia,
737 435 896 514 dignitatis,

113 534 177 608 quis
201 535 333 610 ignorati
386 535 496 610 Itaque,
511 545 543 592 ut
567 535 642 610 opud
665 536 784 592 Graeoos
806 533 896 591 infimi

114 630 254 700 hominos,
275 631 439 687 mercedulis
461 631 587 703 adducti,
608 630 755 688 ministros
777 648 809 686 so
828 648 898 705 pru·

114 726 184 785 bont
210 726 240 783 in
264 727 381 803 juditiis
408 728 579 798 oratoribus,
603 727 634 798 ii,
657 726 707 802 qui
734 726 809 802 apud
834 727 897 785 illos

114 809 309 896 Πραγμᾶτικοὶ
334 833 487 893 tonantum
522 823 575 895 sio,
599 822 629 879 in
655 823 752 881 noant
780 822 930 881 civitates

113 929 225 989 contra,
245 919 435 994 amplissimus
454 920 574 995 quisquo
593 930 622 977 et
642 918 817 977 clarissimus
844 918 896 991 vir,

113 1022 145 1071 ut
166 1014 223 1085 ills,
244 1015 293 1088 qui
312 1025 425 1090 proptor
445 1015 520 1072 hano
538 1015 612 1091 juris
631 1015 724 1074 civilis
745 1014 898 1073 seientiam

113 1110 157 1169 sio
171 1112 326 1187 appellatus
341 1129 356 1168 a
370 1130 481 1169 summo
494 1112 582 1188 potu
595 1122 649 1185 est,

175 1258 307 1323 “Egregie
318 1259 433 1309 cordatus
443 1259 526 1323 bomo,
537 1266 608 1309 ottus
619 1258 695 1309 AEliu’
714 1260 833 1323 Sextus,”

112 1400 255 1475 multique¹
272 1413 417 1478 proterea,
438 1402 497 1479 qui,
513 1422 581 1461 oum
601 1402 719 1481 ingenio
738 1403 794 1461 sibi
815 1401 896 1480 [auc-
913 1409 947 1459 to

112 1499 189 1577 tore]
211 1498 378 1574 dignitatem
398 1500 584 1575 peperissent,
603 1500 795 1575 perssoemnt,
809 1509 851 1570 ut,
864 1498 896 1557 in

113 1594 311 1671 respondendo
342 1594 378 1652 de
407 1594 482 1671 jure,
510 1595 680 1655 auctoritate
712 1595 777 1671 plus
808 1594 896 1653 etism

112 1709 199 1766 quum
226 1690 288 1766 ipso
314 1690 431 1767 iugenio
457 1691 592 1756 valerent.
646 1690 795 1749 Senectuti
828 1709 897 1749 vero

113 1786 292 1847 oelebrsndae
312 1796 341 1843 et
364 1787 499 1845 ornando
526 1786 604 1862 quod
629 1786 778 1843 honestius
802 1796 898 1862 potest

102 1886 176 1941 'osse
190 1882 362 1959 perfugium,
372 1902 456 1959 quum
468 1882 541 1958 juris
555 1882 770 1958 interpretatio?
810 1882 897 1957 Equi·
913 1889 948 1939 1⁵

114 1972 179 2037 bem
204 1979 274 2037 mihi
298 1979 355 2037 hoo
378 1979 536 2037 subsidium
560 1979 620 2057 jum
644 1980 680 2037 ub
701 1978 897 2037 adoloscentii

114 2075 286 2151 oompnravi,
300 2094 358 2133 non
377 2075 469 2133 solum
485 2075 520 2133 sd
534 2094 685 2134 causarum
700 2094 783 2133 usum
804 2076 897 2133 foren-

113 2172 199 2243 sium,
223 2172 382 2230 sedetiam
410 2172 446 2229 ad
472 2173 562 2230 decus
589 2182 673 2246 utque
696 2183 896 2231 ornamentum

113 2268 281 2339 senectutis,
305 2278 347 2339 ut,
372 2286 439 2325 oum
465 2286 511 2326 me
537 2268 612 2325 vires
636 2268 725 2344 (quod
752 2267 812 2325 sere
835 2268 895 2344 jum

113 2374 226 2439 tompus
241 2364 386 2442 adventat)
401 2363 525 2421 deiicere
541 2365 704 2440 ooepisseut,
719 2364 754 2422 ab
767 2363 942 2423 solitudi'm

112 2479 150 2518 ns
171 2461 287 2519 domum
308 2479 400 2519 meam
421 2460 604 2519 vindicarem.
651 2459 733 2522 Quid
753 2469 798 2516 est
817 2461 895 2519 onim
936 2537 939 2542 Ι

112 2556 288 2632 probianus,
302 2575 387 2631 quam
401 2555 558 2613 honoribus
570 2564 600 2612 et
613 2554 778 2630 reipublitoe
796 2573 898 2613 muue-

113 2653 193 2710 ribus
212 2652 392 2729 perfunctum
414 2670 511 2709 senem
529 2669 615 2727 posse
634 2669 687 2709 suo
710 2651 775 2726 juro
797 2651 895 2711 dicero

113 2749 199 2821 idem,
226 2750 303 2825 quod
330 2747 405 2825 apud
431 2748 558 2805 Ennium
584 2747 664 2807 diost
694 2747 744 2805 ille
775 2747 896 2823 Pythius

112 2846 239 2921 Apollot
267 2864 298 2903 ss
319 2864 382 2903 osse
403 2862 479 2916 eum,
494 2844 572 2903 undo
590 2844 655 2916 sibi,
669 2843 694 2901 si
714 2860 774 2903 nou
796 2844 895 2920 populi
909 2850 948 2901 ᾖ,

112 2950 253 3021 strages,
274 2949 423 3001 stannes
448 2940 493 3001 sui
519 2940 607 3014 cives,
633 2940 787 2999 consilium
811 2956 896 3015 expo·

111 3046 184 3110 im»
