2109 3417
153 293 210 353 iffi
468 308 512 357 DE
532 308 694 359 ORATOR&
893 308 934 370 [1.
943 310 984 358 m

197 455 275 515 tibus
293 465 369 515 totos
387 475 419 517 se
439 458 475 517 sd
494 458 689 536 cognitionem
709 476 805 519 rerum
831 458 984 518 transtule-

196 562 280 610 runt:
301 571 363 628 quar
383 554 449 626 vita,
463 565 577 631 propter
597 555 843 630 tranquillitatem,
858 565 891 613 et
903 576 983 632 prop·

196 657 239 705 ter
266 648 355 727 ipsius
388 652 516 708 scientim
549 651 727 723 maritatem,
753 651 812 726 qui
838 651 916 709 nihil
942 663 982 710 est

196 742 359 803 homiuibus
387 746 552 822 jucundius,
580 747 683 822 plures,
709 766 794 822 quam
822 747 900 805 utile
931 749 982 805 urit

164 840 282 899 hiebus
300 841 433 917 publicis,
454 842 624 903 delectavit.¹
653 841 764 918 Itaque,
784 852 818 899 ut
836 843 868 901 ei
889 844 981 901 madio

195 954 227 993 se
240 936 485 995 excelleutissimis
504 936 628 1013 ingeniis
646 937 776 995 homiues
795 937 979 1010 dediderunt,

194 1049 231 1088 ex
244 1031 279 1087 ei
292 1030 403 1089 summai
421 1032 556 1093 facultate
569 1032 653 1090 vacui
672 1051 708 1091 ac
726 1032 810 1091 liberi
830 1035 978 1109 temporis,

194 1125 284 1187 multo
295 1125 387 1202 plura,
401 1146 485 1202 quam
500 1138 561 1187 erat
573 1147 702 1200 necesse,
715 1128 877 1186 doctissimi
892 1129 978 1187 homi·

193 1240 255 1294 nes,
269 1222 328 1281 otio
346 1223 436 1281 nimio
455 1232 484 1281 et
504 1224 629 1301 ingeniis
648 1224 797 1283 uberrimis
818 1225 977 1297 affluentes,

147 1324 179 1374 10
194 1318 323 1377 curanda
337 1318 392 1377 sibi
411 1338 485 1392 esse,
499 1339 535 1378 ac
548 1321 701 1396 querenda
718 1330 748 1378 et
767 1320 975 1398 investiganda,

193 1413 343 1474 duxerunt.
398 1415 475 1473 Nam
503 1428 583 1475 vetus
615 1417 730 1492 quidem
762 1416 812 1475 illa
843 1416 976 1475 doctriua

193 1512 294 1571 eadem
313 1512 426 1571 videtur
445 1522 474 1571 et
493 1527 573 1571 recte
592 1512 716 1571 faciendi
729 1523 758 1572 et
771 1513 845 1571 bene
859 1512 975 1572 dicendi

192 1609 343 1688 magistra3
371 1627 464 1684 neque
489 1609 625 1686 disjuncti
651 1609 793 1681 doctores,
814 1610 868 1667 sed
891 1610 975 1667 iidem

192 1713 274 1763 erant
287 1703 400 1763 vivendi
419 1714 608 1779 preceptores
628 1713 712 1779 atque
727 1702 861 1775 diceudi3
884 1714 917 1763 ut
930 1704 975 1762 ille

144 1808 177 1859 15
193 1799 267 1876 apud
288 1799 448 1859 Homerum
467 1798 598 1872 Plroeuix‚
618 1798 667 1874 qui
686 1817 727 1872 se,
742 1818 758 1857 a
774 1799 865 1857 Peleo
885 1810 975 1877 patre,

191 1894 302 1953 Achilli
331 1893 430 1973 juveni
462 1895 598 1955 comitem
625 1914 689 1954 esse
714 1894 812 1953 datum
837 1895 915 1955 (licit
942 1896 975 1954 all

192 1988 307 2063 bellum,
328 2000 359 2049 ut
379 1990 460 2050 illum
479 1990 605 2052 efficeret
618 1997 789 2051 “oratorem
811 1992 974 2065 verborum,

191 2094 375 2162 actoremque
393 2089 517 2146 rerum.”
571 2087 629 2145 Sed
656 2095 689 2145 ut
712 2086 852 2159 homines,
877 2088 975 2147 labore

191 2181 307 2241 assiduo
328 2192 358 2240 et
379 2183 548 2261 quotidiano
574 2182 688 2255 amueti,
708 2200 776 2240 curu
795 2184 975 2259 tempestatis

143 2282 176 2337 m
191 2277 280 2337 causi
305 2295 392 2354 opere
417 2279 612 2356 prohibentur,
634 2279 669 2337 ad
691 2279 778 2355 pilam
801 2297 843 2350 se,
866 2290 918 2338 aut
940 2280 973 2338 ad

190 2375 271 2446 talos,
286 2384 334 2434 aut
348 2374 384 2435 ad
396 2384 518 2435 tesseras
532 2375 692 2446 conserunt,
707 2375 854 2434 autetiam
870 2396 974 2436 uorum

190 2469 245 2530 sibi
265 2468 319 2547 ipsi
341 2470 464 2547 aliquem
484 2471 650 2549 excogitant
670 2470 699 2529 iu
718 2470 780 2529 otio
792 2471 911 2544 ludum;
933 2474 973 2531 sic

66 2571 68 2575 ’
189 2566 242 2639 illi,
257 2584 274 2625 a
290 2566 414 2643 negotiis
432 2567 557 2643 publicis
577 2565 725 2644 (tauquam
746 2567 783 2624 ab
800 2569 904 2648 opere)
926 2580 973 2628 aut

188 2661 364 2739 temporibus
396 2663 515 2736 exclusi,
544 2673 593 2721 aut
618 2664 761 2723 voluntate
787 2662 841 2721 sci
867 2664 972 2735 feriati,

141 2770 174 2821 25
188 2768 308 2819 totosse
322 2759 371 2817 alii
392 2760 427 2817 ad
446 2764 558 2835 poetas,
573 2759 622 2820 alii
636 2760 672 2817 ad
687 2769 856 2837 geometras,
873 2760 924 2819 alii
938 2761 972 2819 sd

99 2921 104 2937 ἱ
187 2853 314 2913 musicos
340 2853 539 2923 contuleruut;
568 2853 616 2911 alii
639 2854 736 2926 etiam,
756 2863 789 2912 ut
813 2854 972 2930 dialectici,

188 2967 293 3008 uovuru
313 2946 368 3005 sibi
388 2946 441 3022 ipsi
462 2948 588 3008 studium
610 2948 765 3025 ludumque
789 2962 973 3026 pepererunt,

189 3054 274 3123 atquc
287 3044 317 3104 in
336 3041 372 3101 iis
392 3041 510 3115 artibus,
523 3062 587 3119 que
599 3055 719 3121 reperta
734 3055 811 3118 suut,
824 3055 855 3104 ut
868 3066 974 3124 puero
