2109 3417
109 254 182 317 aa]
393 254 437 303 m:
459 254 623 303 onaronn
905 242 944 300 71

109 405 227 477 stultns,
248 412 278 463 et
297 421 350 472 suo
370 404 451 463 vaide
471 404 595 480 sapiens,
615 413 645 463 et
665 422 682 463 a
704 402 778 482 juris
803 402 900 463 studio

109 519 170 557 non
186 501 352 571 abhorrens,
367 500 453 557 simili
467 500 496 557 in
511 518 543 558 re
556 500 680 575 quodam
701 500 787 557 modo
807 518 899 576 nuper

109 597 225 654 erravit.
266 595 344 653 Nam
365 615 431 655 cum
453 598 528 653 aedes
550 597 582 655 L.
603 596 688 654 Fufio
709 597 853 669 venderet,
868 596 899 654 in
961 645 965 652 .

109 692 258 769 mancipio
284 692 404 765 lumina,
431 694 473 751 uti
499 703 560 751 tum
587 703 693 764 essent,
714 693 756 751 ite
780 692 898 769 recepit.

110 789 213 847 Fufius
228 800 333 861 autem,
348 790 431 847 simul
454 800 538 865 utque
559 789 695 847 edificari
715 799 839 865 coeptum
855 794 929 847 est5

110 885 141 943 in
156 885 280 961 quidam
293 896 374 961 parte
388 886 476 957 urbis,
491 904 553 961 qum
569 886 654 943 modo
667 905 703 942 ex
716 884 773 943 illis
791 885 899 943 aedibus

110 982 244 1057 conspici
274 992 380 1057 posset,
407 982 466 1059 egit
499 982 595 1040 stetim
628 1000 695 1039 cum
729 981 898 1054 Bucculeio,

110 1078 200 1153 quod,
234 1078 407 1153 cuicumque
439 1078 588 1155 particule
625 1078 692 1137 coeli
725 1079 897 1151 efficeretur,

110 1174 242 1249 quemvis
267 1185 343 1233 esset
368 1174 478 1251 procul,
506 1175 610 1232 mutari
636 1175 746 1233 lumine
770 1176 897 1252 putabat

109 1270 193 1333 Quid
215 1272 303 1329 vero?
323 1271 483 1328 clarissima
502 1269 544 1327 M'
560 1270 642 1328 Curii
662 1290 751 1329 causa
770 1269 813 1329 Μ.
843 1290 898 1347 que
913 1273 945 1323 1⁰

111 1367 237 1442 Coponii
250 1385 341 1443 nuper
364 1366 438 1443 apud
459 1368 663 1438 centumviros,
678 1386 735 1443 quo
753 1385 899 1426 concursu

112 1462 350 1538 hominumque
370 1464 584 1540 exspectatione
607 1464 726 1522 defense
743 1464 803 1523 esti
830 1482 899 1523 cum

110 1558 151 1621 Q.
180 1558 320 1627 Scaevole,
348 1559 464 1633 aequalis
490 1569 519 1617 et
548 1558 662 1636 collega
692 1578 784 1631 meus,
811 1558 899 1617 homo

111 1654 242 1713 omnium
263 1664 292 1713 et
311 1654 464 1733 disciplind
481 1654 554 1731 juris
573 1653 666 1712 civilis
678 1654 898 1725 eruditissimus,

112 1761 142 1807 et
155 1751 272 1827 ingenio
292 1752 499 1827 prudeniitque
521 1750 713 1821 acutissimus,
726 1760 757 1809 et
768 1750 898 1809 oratione
913 1754 945 1804 15

111 1848 236 1913 maxime
262 1848 377 1915 limatus
404 1862 488 1923 atque
514 1847 638 1919 subtilis,
664 1857 747 1923 atque
771 1845 818 1923 (ut
843 1865 899 1924 ego

111 1944 191 2003 soleo
216 1943 327 2023 dicere)
350 1944 423 2020 juris
448 1943 606 2021 peritorum
639 1943 897 2018 eloquentissimus,

112 2039 308 2115 eloquentium
325 2040 399 2117 juris
417 2040 617 2117 peritissimus,
632 2058 668 2098 ex
687 2040 795 2116 scripto
814 2050 900 2098 testa·

113 2146 275 2194 mentorum
309 2136 375 2213 jura
410 2136 587 2210 defenderet,
623 2148 809 2215 negaretque,
841 2137 898 2195 nisi

111 2243 263 2308 postumus
283 2243 312 2290 et
331 2243 425 2305 natus,
442 2244 480 2306 et,
502 2244 653 2309 antequam
674 2234 704 2291 in
725 2254 806 2292 suam
826 2244 898 2291 tute·
910 2242 943 2291 20

111 2328 169 2387 lam
188 2328 323 2401 venisset,
337 2340 466 2388 mortuus
487 2340 572 2402 esset,
593 2330 729 2389 heredem
749 2349 815 2388 eum
835 2348 899 2387 esse

114 2443 207 2501 posse,
222 2425 271 2499 qui
291 2436 367 2483 esset
390 2426 549 2487 secundum
568 2437 732 2503 postumum
752 2437 781 2484 et
800 2436 899 2484 netum

116 2531 144 2578 ct
164 2522 423 2594 mortuum„heres
449 2522 614 2581 institutus:
641 2541 696 2599 ego
723 2522 898 2581 voluntatem

115 2617 308 2691 defenderem,
342 2619 398 2676 hac
431 2638 497 2677 eum
525 2629 585 2677 tum
609 2629 706 2680 mente
728 2618 826 2690 fuisse,
850 2618 899 2695 qui

112 2724 315 2772 testamentum
336 2715 460 2787 fecisset,
474 2725 516 2783 ut,
531 2715 556 2772 si
576 2715 652 2773 filius
670 2734 730 2773 non
750 2724 836 2786 esset,
850 2715 898 2791 qui
910 2722 943 2771 25

113 2811 144 2869 in
177 2811 296 2869 tutelam
327 2812 461 2884 venisset,
489 2811 531 2869 Μ’
560 2812 667 2873 Curius
699 2822 775 2870 esset
807 2811 897 2869 heres.

112 2906 193 2967 Num
214 2907 324 2969 destitit
342 2918 464 2986 uterque
492 2907 622 2967 nostrdm
643 2907 674 2965 in
694 2908 730 2966 ei
749 2907 848 2977 muse,
868 2906 901 2963 in
