2109 3417
119 281 191 342 su]
401 285 445 332 ns
466 285 629 334 onsrosu.

119 433 230 506 positas
242 433 401 508 protulisti3
422 435 615 509 que'taudem
628 453 726 494 earum
740 453 829 493 eausa
842 433 904 506 tuit,

121 547 186 602 quae
210 530 245 586 ab
269 531 385 588 homine
410 531 566 605 eloquenti,
584 531 656 607 juris
683 531 823 608 imperito,
846 549 905 588 nou

120 625 302 683 ornatissime
328 627 454 702 potuerit
486 628 564 684 dicit
598 628 701 702 quibus
733 628 847 703 quidem
875 627 905 685 in

121 721 218 778 causis
237 723 379 793 omnibus,
394 724 469 781 sieut
489 724 519 781 in
541 724 602 799 ipsa
616 724 657 780 Μ’
672 723 764 795 Curii,
778 741 840 799 quse
855 724 905 781 abs

120 826 151 873 te
175 835 265 892 nuper
288 828 332 875 est
355 819 442 890 diets,
466 828 495 875 et
519 818 550 876 in
574 819 607 877 G.
633 819 749 878 Hostilii
774 819 934 878 Mancinio

120 914 327 985 eontrorersid,
352 924 436 988 atque
460 914 490 971 iu
513 933 549 971 eo
572 933 661 990 puero
684 915 733 990 qui
756 934 792 972 ex
816 915 904 973 elteri

119 1018 206 1066 natus
226 1020 287 1066 erat
306 1029 404 1080 uxore,
419 1029 477 1067 nou
498 1012 616 1068 remisso
637 1012 739 1068 nuntio
755 1011 903 1086 superiori,

121 1105 176 1162 suit
196 1105 270 1162 inter
289 1106 477 1181 peritissimos
502 1107 631 1164 homines
658 1127 768 1165 summa
787 1108 823 1165 ds
840 1108 904 1183 jure

119 1201 270 1258 dissensio.
309 1202 419 1263 Quaero
446 1203 542 1279 igitur,
563 1203 631 1278 quid
657 1204 794 1279 adjuverit
813 1215 904 1262 orato·

119 1298 233 1355 semin
252 1298 297 1355 his
317 1299 412 1356 nausis
429 1298 501 1374 juris
521 1299 651 1371 seientia,
669 1319 734 1358 oum
755 1301 803 1358 hie
820 1301 949 1376 juris-1⁰
1040 1313 1043 1320 ’

118 1395 271 1451 consultus
289 1395 416 1470 superior
436 1395 522 1452 fuerit
542 1396 728 1466 discessurus,
749 1397 797 1472 qui
818 1407 902 1469 esset,

119 1509 180 1548 non
201 1509 253 1546 suo
274 1491 403 1562 artifieio,
418 1492 468 1548 sed
489 1492 592 1562 alieno,
608 1493 663 1549 hoe
684 1502 736 1563 est,
755 1512 813 1550 nou
832 1494 903 1569 juris

119 1585 252 1655 soientui,
273 1587 323 1642 sed
344 1587 517 1661 eloquentiis,
539 1598 719 1644 sustentatus.
762 1588 902 1662 Equidem

120 1681 178 1738 hoo
205 1701 280 1758 srepe
307 1683 411 1753 audiri,
439 1702 506 1740 eum
534 1683 695 1740 aedilitatem
722 1683 753 1740 P.
782 1684 902 1742 Crassus

119 1788 240 1854 peteret,
260 1796 383 1854 eumque
408 1780 499 1855 major
524 1795 604 1848 natu,
626 1779 712 1838 etiam
734 1780 902 1850 eonsularis,
919 1791 950 1840 15

121 1876 183 1932 Ser.
204 1875 298 1932 Galba
317 1886 514 1944 associaretur,
534 1875 609 1951 quod
636 1875 732 1932 Crassi
760 1875 846 1933 filiam
867 1877 900 1934 G.

118 1970 180 2028 filio
206 1991 258 2028 suo
283 1971 489 2046 despondisset,
518 1971 673 2028 necessisse
705 1973 739 2029 ad
767 1973 906 2030 Crassum·

120 2067 289 2124 consulendi
322 2067 411 2124 causi
442 2067 585 2142 quendam
622 2069 814 2138 rusticanum
854 2069 902 2144 qui

120 2181 188 2220 eum
200 2163 343 2220 'Crassum
363 2163 531 2242 seduxisset,
547 2173 631 2238 utque
652 2164 687 2221 ad
708 2183 773 2221 eum
793 2165 903 2222 retulis-

119 2270 173 2329 set,
188 2277 411 2334 responsumque
432 2260 467 2316 ab
483 2279 518 2316 eo
532 2279 629 2324 verum
651 2261 741 2336 magis
761 2280 845 2335 quem
867 2262 900 2318 ad
917 2277 949 2326 20

119 2375 201 2413 suam
221 2374 281 2412 reru
303 2355 550 2421 accommodatum
579 2357 755 2427 abstulisset3
784 2367 816 2414 ut
835 2377 901 2416 enm

114 2452 230 2509 tristem
249 2451 343 2509 Galba
358 2452 437 2522 vidit,
452 2453 568 2508 nomine
589 2452 748 2528 appellavit,
762 2436 902 2528 quaesivit·

119 2567 185 2624 que,
200 2547 257 2622 qud
271 2548 306 2604 de
320 2567 351 2604 re
366 2549 400 2604 ad
412 2549 552 2614 ,Crassum
573 2549 731 2607 retulisset:
752 2567 787 2606 ex
800 2569 857 2624 quo
871 2561 902 2609 ut

120 2644 239 2715 audivit,
260 2654 490 2718 commotumque
511 2654 543 2701 ut
562 2645 632 2702 vidit
659 2646 814 2718 hominem,
836 2647 903 2704 Sus·

113 2759 219 2817 penso,
240 2739 342 2814 inquit,
363 2740 459 2798 animo
478 2751 508 2798 et
526 2752 668 2817 occupato
691 2742 828 2799 Crassum
849 2743 901 2800 tibi
918 2757 949 2806 25
1051 2729 1052 2796 ξ

118 2837 300 2912 respondisse
320 2837 416 2895 video:
438 2837 543 2897 deinde
559 2837 651 2914 ipsum
666 2838 800 2896 Crassum
815 2853 902 2895 mauu

118 2933 280 3010 prehendit,
306 2942 345 3002 et,
372 2932 454 2990 Heus
488 2943 529 3004 tu,
558 2933 658 3008 inquit,
686 2935 758 3008 quid
787 2935 839 2992 tibi
873 2934 902 2990 in

118 3040 246 3101 mentem
266 3029 343 3087 veuit
362 3029 403 3086 its
422 3028 613 3106 responderet
661 3029 740 3088 Tum
753 3029 802 3088 ille
815 3029 902 3086 fiden-

353 3124 374 3181 9
