2109 3417
98 258 139 319 62
422 270 466 317 ns
488 268 652 317 emman.
863 266 934 325 [uu
1028 258 1053 334 ‘3

145 419 169 479 si
195 416 266 490 aliis,
291 417 379 475 etiam
405 418 516 489 obesse,
542 436 608 475 cum
634 415 731 474 minus
754 413 867 473 idoneis
889 412 934 471 uti

146 533 374 573 consuescerem.
416 514 520 571 Postea
540 513 610 570 mihi
630 512 749 589 placuit,
763 530 855 587 eoque
869 529 935 568 sum

146 630 215 667 usus
229 611 405 680 adolescens,
420 620 452 667 ut
465 628 639 665 summorum
655 618 799 665 oratorum
816 608 934 664 Graecas

147 706 291 763 orationes
317 706 506 781 explicarem
538 704 643 780 quibus
669 704 752 761 lectis
778 704 835 760 hoc
860 721 935 759 asse-

114 812 131 859 5
146 803 263 876 qnebar,
277 813 318 872 ut,
334 821 400 859 curn
414 821 458 872 ea,
473 822 536 876 quae
556 801 681 877 legerem
701 801 815 871 Graece,
829 799 934 857 Latine

146 899 305 969 redderem,
326 917 384 955 non
406 898 497 954 solum
525 896 641 972 optimis
661 896 754 953 verbis
777 907 883 968 uterer,
904 905 935 953 et

146 1004 242 1053 tamen
264 995 384 1066 usitatis,
406 994 564 1052 sedetiam
587 992 777 1069 exprimerem
803 991 934 1068 quaedam

147 1092 232 1149 verba
252 1092 401 1162 imitando,
422 1110 484 1166 quae
505 1109 580 1148 nova
599 1090 705 1147 nostris
728 1099 833 1160 essent,
853 1088 936 1145 dum·

146 1187 234 1244 modo
254 1199 349 1244 essent
369 1187 481 1244 idonea.
523 1186 588 1244 Jam
610 1185 700 1256 vocis,
715 1196 744 1242 et
763 1183 890 1261 spiritis,
905 1192 934 1241 et

100 1290 132 1339 10
147 1284 235 1349 totius
255 1284 391 1359 corporis,
405 1294 434 1341 et
454 1284 544 1359 ipsius
563 1283 669 1359 linguae
690 1293 785 1341 motus
805 1292 834 1337 et
854 1298 934 1337 exer-

148 1379 309 1451 citationes,
324 1397 383 1436 non
396 1390 453 1437 tarn
470 1379 538 1436 artis
556 1378 696 1455 indigent,
712 1397 796 1452 quam
810 1376 917 1433 laboris
923 1395 932 1446 ;

147 1475 250 1549 quibus
278 1475 307 1544 'm
331 1476 416 1532 rebus
440 1475 573 1532 habenda
598 1485 642 1531 est
669 1474 743 1532 ratio
769 1472 933 1550 diligenter,

146 1590 218 1647 quos
245 1571 398 1642 imitemur,
425 1590 548 1647 quorum
575 1571 683 1628 similes
709 1570 830 1627 velimus
860 1588 932 1628 esse.

146 1667 282 1726 Intuendi
308 1668 392 1725 nobis
418 1678 484 1725 sunt
511 1686 570 1725 non
597 1667 690 1724 solum
718 1677 854 1737 oratores,
881 1665 934 1723 sed

101 1773 132 1823 15
148 1765 234 1822 etiam
257 1776 377 1836 actores,
392 1784 428 1822 ne
442 1764 515 1821 mala
538 1763 746 1821 consuetudine
761 1763 795 1820 ad
811 1762 935 1837 aliquam

149 1861 356 1919 deformitatem
386 1861 612 1937 pravitatemque
637 1859 792 1917 veniamus.
846 1858 936 1916 Exer-

149 1957 241 2015 cenda
259 1968 302 2015 est
319 1958 405 2015 etiarn
426 1957 574 2027 memoria,
589 1955 753 2013 ediscendis
767 1955 801 2013 ad
816 1956 934 2013 verbum

149 2072 233 2127 quam
267 2052 397 2128 plurimis
425 2063 454 2110 et
487 2052 595 2109 nostris
626 2051 740 2127 scriptis
766 2061 796 2109 et
823 2050 932 2110 alienis

149 2150 245 2223 Atque
279 2148 308 2206 in
342 2149 377 2205 et
410 2148 616 2205 exercitatione
654 2166 713 2210 nou
754 2167 824 2205 sane
863 2147 934 2205 milri

100 2258 132 2307 20
149 2243 281 2319 displicet
315 2244 461 2314 adhibere,
488 2243 513 2302 si
543 2242 703 2315 consueris,
730 2244 817 2301 etiam
851 2243 935 2301 istam

150 2341 277 2399 locorum
298 2339 574 2414 simulacrorumque
589 2340 738 2411 rationein,
753 2360 816 2416 quae
830 2339 860 2397 in
875 2350 935 2397 arte

149 2436 278 2495 traditur.
331 2436 491 2493 Educenda
514 2436 619 2493 deinde
642 2436 738 2493 dictio·
755 2447 798 2493 est
822 2456 858 2494 ex
880 2436 935 2493 hac

149 2531 308 2590 domestica
328 2531 535 2589 exercitatione
548 2543 577 2590 et
592 2532 745 2603 umbratili,
759 2532 886 2589 medium
905 2531 934 2589 in

150 2646 263 2704 agmen,
285 2628 315 2685 in
342 2628 497 2702 pulverem,
526 2628 555 2685 in
583 2628 749 2698 clamorem,
774 2628 804 2685 in
831 2638 934 2699 castra,

100 2740 133 2791 25
150 2736 233 2800 atque
254 2725 283 2782 in
305 2724 396 2793 aciem
418 2723 578 2786 sorensem:
604 2724 770 2781 subeundus
790 2743 859 2780 usus
877 2743 936 2781 orn-

149 2821 239 2893 nium,
273 2830 302 2878 et
334 2820 531 2897 periclitandae
564 2821 639 2878 vires
672 2820 798 2897 ingenii3
832 2829 862 2877 et
888 2819 936 2877 illa

149 2918 353 2977 commentatio
368 2917 481 2975 inclusa
494 2916 523 2974 in
538 2918 664 2975 veritatis
671 2916 773 2975 lucem
792 2917 938 2993 proferen-

149 3015 188 3075 da
212 3026 264 3073 est.
318 3013 449 3093 Legendi
481 3013 572 3074 etiam·
601 3017 705 3092 poete,
733 3013 939 3092 cognoscenda
