2109 3417
448 282 491 330 nra
514 282 678 329 olerona.
888 284 928 344 [a.
938 282 959 331 1.

172 430 292 489 solere.''
333 432 410 491 Vere
427 434 504 491 enim
525 434 613 492 etiarn
634 434 704 492 illud
725 434 840 508 dicitur,
861 434 960 492 “Per-

171 546 251 585 verse
271 528 367 586 dicere
389 530 529 601 homines,
548 550 681 607 perverse
700 531 835 603 dicenda,
856 531 959 589 facilli·

170 642 216 680 me
231 626 397 700 consequi.''
446 626 644 688 Quamobrem
659 628 689 683 in
707 627 768 684 istis
789 628 857 702 ipsis
877 646 959 685 exer·

171 720 365 793 citationibus,
393 723 446 779 etsi
474 723 544 780 utile
572 733 625 794 est,
647 724 733 780 etiarn
761 725 856 780 subito
881 743 957 799 saepe

138 816 277 888 bdicere‚
301 828 397 875 tamen
425 818 493 876 illud
524 818 633 890 utilius,
660 829 773 894 sumpto
800 820 892 895 spatio
920 820 957 877 ad

171 913 365 989 cogitandum,
393 914 518 989 paratius
546 926 643 988 atque*
658 915 821 971 accuratius
847 916 956 973 dicere.

170 1008 265 1083 Caput
286 1020 379 1066 autern
401 1020 453 1081 est,
468 1010 546 1085 quod
567 1010 613 1087 (ut
626 1030 692 1067 vere
712 1011 821 1090 dicam)
837 1012 957 1069 minime

171 1105 301 1176 facimus,
318 1104 374 1182 (est
388 1106 464 1163 enim
486 1106 583 1183 magni
599 1106 715 1177 laboris,
730 1111 814 1181 quem
827 1107 957 1183 plerique

171 1200 320 1279 fugimus)
352 1220 437 1277 quarn
470 1202 625 1277 plurimum
658 1202 793 1260 scribere.
835 1204 956 1261 “Stilus

123 1307 154 1355 10
169 1297 302 1372 optimus,
324 1308 353 1355 et
373 1298 622 1374 praestarrtissimus
643 1299 759 1357 dicendi
780 1301 898 1356 effector
919 1318 956 1358 ac

118 1460 121 1469 1
170 1394 345 1469 magistcr;''
374 1412 466 1469 neque
487 1395 609 1472 injuria:
638 1416 703 1453 narn
731 1395 755 1453 si
781 1396 905 1453 subitam
925 1406 956 1454 et

170 1489 314 1547 fortuitam
342 1492 501 1548 orationem
530 1492 735 1548 commentatio
761 1501 791 1549 et
817 1492 956 1568 cogitatio

170 1587 254 1665 facile
274 1588 378 1658 vincit3
408 1588 483 1645 hanc
510 1588 600 1663 ipsam
627 1588 758 1664 profecto
785 1588 899 1645 assidua
920 1608 955 1646 ac

169 1684 291 1761 diligens
311 1682 452 1759 scriptura
472 1683 625 1760 superabit.
639 1709 643 1715 ·
666 1683 777 1742 Omnes
792 1685 879 1758 enim,
893 1685 955 1743 sive

123 1788 154 1835 15
170 1781 237 1837 artis
264 1791 330 1838 sunt
355 1781 423 1853 loci,
451 1781 510 1839 sive
544 1780 653 1857 ingenii
686 1781 836 1857 cujusdam
869 1790 954 1855 atque
1046 1849 1047 1852 Ἴ

167 1877 335 1952 prudentiae,
360 1878 408 1952 qui
433 1878 518 1933 modo
542 1876 640 1934 insunt
664 1877 694 1933 in
718 1878 753 1933 eti
776 1896 817 1949 re,
838 1877 875 1933 de
895 1878 954 1952 qua

168 1973 329 2043 scribimus,
359 1972 575 2048 anquirentibus
607 1974 700 2043 nobis,
727 1973 862 2047 omnique
890 1973 954 2031 acie

168 2067 276 2144 ingenii
297 2069 557 2144 contemplantibus
581 2068 736 2126 ostendunt
756 2088 786 2126 se
807 2079 835 2125 et
852 2087 954 2127 occur·

167 2173 249 2221 runt:
271 2183 425 2239 omnesque
439 2165 599 2236 sententie,
614 2166 755 2241 verbaque
768 2165 877 2237 omnia,
889 2185 953 2242 qum

121 2270 233 2320 meunt
266 2260 404 2335 cujusque
437 2260 552 2337 generis
585 2261 708 2318 maxime
741 2260 872 2335 illustria,
899 2264 953 2319 sub

168 2374 289 2413 acumen
309 2356 367 2413 stili
388 2357 508 2413 subeant
526 2368 556 2414 et
575 2356 733 2414 succedant
752 2375 872 2416 necesse
892 2369 951 2416 est:

167 2461 227 2509 tum
256 2452 317 2528 ipsa
343 2452 497 2510 collocatio
528 2452 774 2527 conformatioque
800 2456 951 2512 verborum

166 2548 313 2624 perficitur
328 2548 357 2607 in
372 2548 535 2621 scribendo,
549 2568 608 2606 non
621 2550 746 2625 poetico,
761 2550 812 2607 sed
828 2553 952 2626 quodam

167 2624 292 2703 oratorio
325 2664 446 2703 numero
473 2655 501 2702 et
527 2647 621 2704 modo.
678 2646 752 2703 Haec
785 2658 862 2718 sunt,
889 2667 951 2723 que

121 2744 153 2793 25
167 2741 307 2800 clamores
334 2752 363 2799 et
391 2741 593 2801 admirationes
621 2742 650 2799 in
677 2742 760 2799 bonis
792 2744 952 2801 oratoribus

167 2838 305 2909 efficiunt,
326 2856 419 2914 neque
439 2856 474 2896 ea
493 2838 651 2914 quisquam,
674 2839 730 2895 nisi
750 2839 798 2896 diu
820 2838 952 2897 multum-

166 2950 222 3010 que
245 2931 558 3008 scriptiunculam
587 2932 835 2989 vehementissime
861 2948 892 2988 sc
920 2931 951 2991 in

168 3029 214 3089 his
233 3027 335 3087 subitis
355 3028 531 3089 dictionibus
553 3027 725 3103 exercuerit,
745 3036 952 3102 consequetur:
