2109 3417
118 254 164 320 22
432 262 674 310 anomaeus.
875 264 953 325 [nn.
1039 262 1042 285 ³

171 408 348 470 benedicta
371 414 509 470 teneat:”
540 390 603 471 haed
629 412 751 471 eeilieet*
764 413 841 471 bona
867 412 951 485 diota,

171 524 234 581 quae
248 507 323 565 salsa
335 509 409 567 sint:
429 526 497 590 nam
510 528 546 567 ea
559 511 637 568 dieta
651 510 827 587 appellantur
840 512 953 588 proprio

168 622 228 680 Jam
242 622 366 688 nomine.

211 799 272 858 LV.
304 800 372 871 Sed,
388 810 419 860 ut
433 801 463 858 in
478 802 636 861 Seaevolem
657 802 799 861 continuit
820 820 855 859 ea
872 802 954 859 Cras-
1040 828 1041 831 ¹

140 906 156 953 5
172 915 229 967 sus,
245 908 328 971 atque
348 897 398 954 illo
418 898 508 955 altero
527 918 642 976 genere,
657 898 687 956 in
701 918 757 973 quo
770 899 841 956 nulli
862 898 954 955 aeulei

171 992 409 1049 contumeliarum
436 993 557 1066 inerant,
585 1013 701 1052 eausam
728 995 805 1052 illam
832 994 956 1069 disputa·

171 1089 335 1164 tionemque
354 1088 437 1159 lusit3
458 1091 511 1162 sie,
526 1092 556 1149 in
578 1092 678 1162 Bruto,
699 1108 783 1165 quern
802 1091 912 1161 oderat,
926 1100 955 1147 et
1041 1122 1042 1155 t

170 1204 256 1259 quem
289 1192 407 1264 dignum
441 1188 616 1245 contumeliis
645 1188 802 1264 judicabat,
836 1196 955 1262 utroque
1041 1178 1042 1201 *

171 1300 277 1358 genere
296 1284 440 1360 pugnavit
480 1284 579 1346 Quam
600 1284 689 1341 multa
701 1284 738 1341 de
746 1283 870 1367 ¹balneis,
885 1302 956 1358 quas

124 1390 156 1439 10
172 1398 262 1454 nuper
286 1379 334 1436 ille
357 1380 644 1456 vendiderat‚tquam
671 1378 761 1437 multa
787 1379 822 1435 de
849 1379 955 1436 amisso

171 1476 344 1551 patrimonio
371 1476 458 1535 dixit!
494 1488 578 1553 atque
606 1476 654 1535 illa
680 1476 787 1547 brevis,
812 1494 878 1533 eum
906 1475 955 1533 ille

172 1572 291 1644 diceret,
315 1592 346 1630 ee
369 1574 432 1631 sine
459 1574 548 1631 eausai
575 1573 677 1631 sudare
686 1592 693 1642 ;
726 1570 877 1628 “Minime
904 1572 957 1629 mi·

170 1670 263 1739 rum‚''
285 1669 394 1743 inquit;
422 1670 537 1727 “modo
558 1670 635 1727 enirn
655 1668 739 1726 existi
760 1668 795 1725 de
816 1668 954 1726 balneie.”

170 1764 396 1823 Innumerabilia-
427 1766 626 1844 hujuscemodi
660 1765 784 1835 suerunt,
812 1765 862 1821 sed
896 1784 955 1822 non

124 1876 155 1923 15
171 1842 266 1918 rdiuus
276 1862 405 1937 jucunda
418 1862 466 1919 illa
478 1871 624 1937 perpetua.
665 1862 740 1919 Cum
757 1860 834 1917 euim
849 1860 957 1919 Brutus

171 1956 244 2013 duos
269 1958 391 2014 leeteres
424 1956 586 2027 exeitdsset,
614 1966 643 2013 et
670 1956 751 2013 alteri
778 1956 813 2013 de
841 1956 956 2013 eelonid

170 2051 353 2110 Narbonensi
368 2053 464 2110 Crassi
479 2053 636 2110 orationem
651 2051 802 2128 legendam
818 2052 955 2124 dedisset,

172 2148 252 2206 alteri
272 2150 320 2216 de]
333 2150 397 2225 lege
425 2149 556 2220 Serviliis,
578 2159 692 2205 etcum
714 2148 857 2205 eontraria
880 2148 956 2205 inter

170 2264 233 2303 sese
253 2245 289 2302 de
309 2244 456 2319 republicis
476 2245 571 2319 capita
591 2244 773 2313 eontuliseet3
795 2254 892 2301 noster
907 2244 956 2303 hie

124 2352 156 2401 20
172 2340 344 2399 facetissime
357 2350 414 2397 tres
426 2341 515 2415 patris
529 2341 610 2398 Bruti
625 2341 660 2396 de
671 2340 735 2416 jure
751 2340 828 2399 civili
841 2340 956 2397 libellos

171 2438 262 2495 tribus
280 2436 417 2512 legendos
437 2436 524 2493 dedit.
565 2437 610 2493 Ex
629 2436 703 2493 libro
719 2436 823 2511 primo,
839 2442 857 2468 ‘⁸
868 2436 957 2493 Forte

171 2531 276 2597 evenit,
305 2540 337 2588 ut
369 2531 399 2587 in
433 2531 591 2591 Privernati
624 2533 791 2589 essemus:''
826 2538 845 2569 “
855 2531 955 2602 Brute,
1041 2516 1042 2565 i

172 2627 339 2685 testificatur
365 2638 454 2703 pater,
475 2646 506 2684 se
533 2628 585 2707 tibi
612 2628 805 2685 Privernatem
834 2627 956 2685 fundum
1041 2650 1042 2669 ¹

172 2722 347 2797 reliquisse.''
402 2723 515 2780 Deinde
549 2742 584 2781 ex
617 2724 690 2780 libre
724 2724 861 2794 seeundo,
890 2723 957 2779 “In

124 2826 157 2877 25
172 2818 287 2879 Albane
300 2838 413 2878 eramus
427 2838 481 2896 ego
494 2831 524 2878 et
538 2820 656 2877 Marcus
666 2820 741 2877 filius
751 2822 781 2877 :'’
804 2818 958 2896 “Sapiens

171 2914 305 2972 videlieet
333 2916 419 2973 home
452 2936 518 2973 euru
550 2917 650 2993 primis
683 2928 787 2975 nostre
820 2916 958 2987 civitatis,

169 3010 255 3077 adrat
280 3012 358 3071 hune
388 3012 547 3092 gurgitem
582 3013 735 3085 metuebat,
761 3030 809 3084 ne,
836 3030 904 3079 euru
933 3012 959 3077 ia
