2109 3417
126 283 210 345 un]
409 287 453 336 nc
474 285 638 336 ommam
900 275 957 338 tot

127 450 208 493 nunc
227 451 274 494 me
293 435 448 512 explicare,
467 436 524 511 qut
544 434 654 493 ratione
675 445 723 494 aut
743 432 912 492 confirmare

128 541 179 588 eut
198 531 342 588 inlirnaare
368 543 466 603 testes,
486 532 608 602 tabulas,
628 530 809 606 questiones,
830 547 913 605 opor·

126 637 195 684 teat
249 627 322 685 Haec
341 638 409 686 aunt
428 628 526 685 omnia
548 627 657 704 ingenii
677 627 721 684 vel
748 625 912 697 mediocria,

126 723 341 781 exercitationis
361 733 455 783 autem
473 723 621 781 maxime:
643 733 731 782 ortem
744 722 869 798 quidem,
883 732 913 779 et

126 830 270 895 precepta
289 821 427 877 duntaxat
446 819 586 888 hactenus
605 819 762 894 requirunt,
777 830 808 878 ut
826 818 943 878 certior

126 914 245 972 dicendi
262 906 421 972 luminibus
440 927 586 973 ornentur.
627 915 757 991 Itemque
778 915 835 987 illa,
850 933 912 990 que

125 1023 194 1069 aunt
207 1011 324 1068 alterius
336 1011 460 1089 generia,
474 1031 538 1086 qum
552 1021 613 1068 tota
626 1012 662 1068 ab
675 1023 786 1070 oratore
799 1011 913 1087 pariun-

125 1117 183 1179 tur,
197 1108 438 1185 excogitationem
458 1126 515 1166 non
537 1108 643 1168 habent
650 1108 812 1180 difficilem,
826 1107 913 1184 expli·

124 1203 271 1262 cationem
291 1204 382 1280 magia
402 1203 540 1262 illustrem
561 1199 786 1280 perpolitamque
804 1203 913 1262 deride·

125 1313 199 1357 rant.
245 1299 356 1375 ltaque,
384 1319 450 1358 cum
477 1300 540 1358 hoec
566 1301 624 1358 duo
651 1300 733 1358 nobie
760 1300 912 1375 querenda
928 1308 958 1360 1⁰

125 1396 185 1454 aiut
204 1396 234 1453 in
254 1397 358 1467 causis,
378 1397 514 1472 primum'
528 1397 607 1470 quid,
628 1395 733 1454 deinde
756 1396 910 1471 quomodo,

124 1492 272 1562 dicamua3
307 1492 437 1564 alterum,
464 1492 541 1567 quod
571 1501 662 1551 totum
697 1503 756 1550 arte
789 1492 911 1552 tinctum
958 1494 964 1510 ‘

124 1588 247 1660 videtur,
263 1589 375 1649 tametsi
389 1600 478 1646 artem
495 1589 624 1663 requirit,
639 1593 733 1646 tomen
753 1587 912 1662 prudentie

124 1694 170 1742 eat
188 1703 271 1760 pene
290 1684 454 1755 mediocria,
474 1684 543 1760 quid
564 1684 717 1742 dicendum
738 1683 784 1754 eit,
800 1683 911 1740 videre:

125 1779 246 1838 alterum
276 1792 331 1852 eat,
360 1780 390 1837 in
416 1799 474 1854 quo
505 1779 628 1837 oratoria
654 1779 696 1836 vie
723 1777 772 1836 ille
805 1777 910 1849 divina,
928 1790 958 1840 15

123 1876 271 1950 virtusque
288 1876 424 1946 cernitur,
439 1895 482 1945 ea,
497 1895 560 1952 quae
574 1875 698 1935 dicenda
710 1884 786 1946 aunt,
801 1886 911 1948 ornate,

124 1972 250 2050 copiose,
265 1973 398 2047 varieque
411 1972 518 2031 dicere.

123 2189 127 2195 ·
164 2163 310 2223 XXVIII.
339 2163 442 2226 Quare
472 2163 549 2225 illam
582 2173 692 2240 partem
724 2163 910 2241 superiorem,

121 2261 259 2338 quoniam
281 2261 368 2318 aemel
391 2260 431 2318 ita
451 2261 532 2321 vobis
552 2260 669 2338 placuit,
690 2280 748 2318 non
770 2263 911 2320 recusabo
949 2303 952 2309 -

124 2374 183 2432 quo
203 2356 298 2414 minua
316 2356 473 2432 perpoliam
498 2367 583 2430 atque
611 2356 779 2414 conficiam:
809 2356 910 2433 (quan
926 2369 958 2420 20

124 2463 186 2511 tum
206 2470 439 2528 consequentes
455 2451 621 2528 judicabitis
631 2455 653 2532 ι)
674 2453 776 2527 quibus
790 2471 824 2510 ex
838 2453 910 2512 locis

124 2550 162 2608 ad
185 2568 236 2608 eac
257 2559 315 2606 tres
337 2552 393 2620 rea,
414 2569 477 2625 quae
498 2549 534 2607 ad
555 2549 640 2630 fidem
662 2549 820 2607 faciendam
842 2550 910 2610 sole

123 2645 231 2717 valent,
240 2645 365 2703 ducatur
375 2645 487 2717 ‚oratio
501 2656 533 2702 ut
553 2656 582 2706 et
602 2646 792 2720 concilientur
811 2646 909 2720 enimi,

121 2753 156 2801 et
173 2742 342 2813 doceantur,
362 2751 391 2800 et
411 2752 587 2800 moveantur.
640 2741 727 2818 [Haec
747 2753 814 2801 aunt
833 2743 910 2802 euim

123 2838 181 2898 tria
199 2838 350 2918 numerat]
373 2857 408 2896 ea
427 2857 494 2896 vero
514 2837 756 2913 quemadmodum
770 2837 910 2898 illustren·
925 2849 957 2898 25

122 2946 182 3005 tur,
194 2944 299 3009 presto
311 2943 365 3004 eat,
379 2933 428 3008 qui
441 2952 542 2992 omnes
555 2933 660 2990 doecre
679 2933 778 3009 posuit,
791 2935 840 3010 qui
854 2934 910 2994 hoc

124 3030 235 3112 primus
257 3029 288 3090 in
310 3039 425 3089 noetroa
449 3047 545 3092 mores
570 3027 692 3104 induxit,
714 3030 764 3107 qui
786 3029 909 3092 maxime
