2109 3417
110 277 173 339 m
427 286 474 336 nn
492 285 658 335 onerose
859 285 900 348 [ι.
910 286 943 335 n.

153 432 258 513 Neque
276 433 355 494 enim
374 433 434 494 ulla
452 453 513 494 non
539 433 655 512 proprie
679 431 802 492 oratoris
820 444 865 494 est
883 452 941 510 res,

155 549 218 607 quo
230 531 346 607 quidem
359 540 460 589 omste
473 530 534 589 diei
546 529 726 609 graviterque
739 529 851 590 debent

193 723 248 783 IX.
279 723 374 801 Hujus
394 734 448 796 est,
461 723 492 782 iu
513 723 609 783 dando
625 722 746 783 oonsilio
759 723 796 781 de
808 723 941 784 maximis

154 821 251 893 rebus,
271 838 338 878 oum
359 820 498 898 dignitate
518 820 661 895 expliootn
676 820 842 891 sententia:
867 820 941 897 ejus·

126 916 222 974 odem
241 925 271 974 et
288 909 452 994 languentis
473 915 573 992 populi
599 915 740 990 incitatio,
761 925 790 974 et
808 915 940 975 effrenati

155 1012 323 1073 moderatio.
364 1012 475 1070 Eddem
494 1012 632 1070 facultate
651 1021 681 1070 et
700 1013 777 1070 fraus
790 1012 941 1071 hominnm

157 1109 193 1167 ud
211 1109 380 1185 pernioiem,
394 1120 423 1168 et
442 1109 591 1186 integritus
611 1108 648 1166 sd
666 1109 797 1181 sulutem,
811 1117 940 1169 vooetur.

154 1205 233 1268 Quis
258 1205 401 1264 cohortari
428 1205 464 1264 od
490 1205 622 1263 virtutem
650 1204 805 1277 ardentius,
832 1205 897 1280 quis
922 1223 942 1264 ι

155 1302 231 1360 vitiis
252 1302 346 1360 eonius
365 1320 509 1374 revocare,
531 1301 595 1376 quis
614 1300 774 1377 vituperare
794 1300 941 1378 improbos

112 1410 144 1459 10
156 1398 292 1474 asperius,
305 1397 369 1474 quis
388 1397 506 1457 laudere
525 1398 617 1455 bonos
633 1397 770 1468 omanus,
784 1396 848 1474 quis
861 1397 942 1475 eupi-

155 1495 273 1552 ditatem
286 1494 481 1552 vehementius
495 1493 627 1571 frangere
642 1494 816 1563 ooousuudo,
825 1495 941 1570 potenti

156 1590 219 1669 quis
238 1609 387 1649 moemrem
407 1590 502 1649 levore
521 1589 619 1648 mitius
638 1589 832 1649 consolando?
872 1589 942 1648 His·

156 1687 232 1746 toria
256 1705 324 1746 roro
349 1686 431 1746 testis
455 1695 626 1761 temporum,
652 1685 702 1745 lux
727 1685 862 1758 veritatis,
881 1685 942 1746 vite

156 1783 311 1857 memorio,
332 1783 469 1862 magistre
487 1783 564 1855 vitre,
585 1782 687 1842 nuntie
706 1782 862 1856 vetustatis,
881 1782 942 1858 qud.

112 1897 144 1947 15
157 1900 228 1941 roeo
247 1881 313 1952 uit,
333 1880 390 1938 nisi
412 1878 543 1951 oratoris,
564 1878 769 1952 immortulituti
795 1896 942 1938 oommen·

156 1977 259 2036 daturi
299 1976 329 2034 N
331 1995 375 2034 em
395 1976 421 2035 si
440 1995 497 2053 qua
514 1985 559 2034 est
573 1994 618 2034 ers
632 1975 697 2048 elie,
711 1993 775 2051 que
787 1975 941 2034 verborum

157 2082 206 2132 eut
232 2072 428 2131 faciendorum
459 2081 509 2130 out
540 2071 756 2148 deligendorum
788 2070 941 2132 scientiam

155 2168 334 2244 profitentu13
356 2178 404 2225 eut
421 2167 446 2225 si
466 2167 615 2243 quisquam
634 2167 749 2239 dieitur,
763 2167 817 2226 nisi
832 2176 940 2239 orator,

156 2265 278 2323 formare
296 2264 463 2334 orationem,
478 2282 597 2340 eumque
617 2264 726 2322 veriore
742 2271 770 2322 et
784 2263 941 2341 distingue·

111 2365 144 2416 m
158 2379 188 2419 re
207 2360 288 2436 quasi
307 2359 477 2436 quibusdum
500 2361 650 2418 verborum
677 2359 939 2435 sententiarumque

157 2448 334 2534 insignibam
354 2465 403 2514 sut
415 2455 440 2512 si
453 2455 498 2514 vie
511 2455 579 2528 ulla,
593 2455 649 2513 nisi
665 2456 701 2512 ab
715 2455 770 2514 huo
789 2456 848 2515 uni
869 2465 939 2530 erte,

157 2553 287 2625 truditur,
315 2561 364 2610 eut
389 2561 621 2628 argumentorum
649 2560 697 2609 eut
723 2551 939 2626 sententiarum,

158 2659 207 2707 sut
226 2648 349 2725 denique
368 2646 568 2722 descriptionis
589 2656 673 2723 utque
700 2645 824 2718 ordinis;
841 2647 940 2718 ¹feteo·

157 2762 221 2802 mur
241 2753 290 2802 eut
309 2743 373 2815 hoo,
387 2742 463 2820 quod
482 2741 545 2799 heo
559 2760 605 2800 ers
623 2741 801 2818 profiteatur,
814 2741 940 2803 alienum

112 2850 145 2902 ᾖ
158 2859 230 2913 osso,
252 2837 314 2900 sut¹
326 2858 392 2898 oum
420 2838 515 2915 aliqud
537 2837 593 2897 uit
614 2847 674 2896 srte
693 2856 756 2896 esse
776 2855 939 2898 eommune.

158 2937 217 2997 Sed
236 2936 261 2995 si
281 2936 310 2994 in
330 2936 386 2995 heo
405 2936 463 2994 und
483 2934 673 2992 ostentatio
693 2944 777 3010 etque
797 2932 939 3007 doctriua,

158 3053 227 3107 non,
241 3033 266 3092 si
280 3032 328 3109 qui
348 3032 466 3092 dierum
486 3031 590 3090 artium
610 3031 683 3088 bene
702 3028 790 3092 loo'uti
809 3037 886 3102 sunt,
902 3045 940 3090 eo
