2109 3417
140 302 196 363 122
454 313 498 359 nn
520 310 682 365 emmone
870 313 968 373 [nnn
1036 270 1037 277 ἵ

181 460 332 537 perpoliri:
364 461 470 537 petitur
499 460 576 518 enim
609 470 639 517 et
670 456 769 536 lingue
800 470 910 533 nostre,
937 470 968 519 et

181 567 283 615 nature
296 576 405 629 rerum,.
414 567 537 614 veterem
553 556 628 613 illam
643 555 889 630 excellentemque
902 576 968 633 pru·

181 653 307 710 dentiam
325 655 492 711 Greeorum
506 654 542 710 sd
556 662 683 709 nostrum
702 670 784 709 usum
799 670 967 727 moremque

181 749 343 805 transferri:
363 749 413 806 sed
433 747 597 805 hominibus
617 764 688 821 opus
707 756 751 803 est
770 746 903 817 eruditis,
917 747 966 822 qui

150 844 284 915 5edhue‚
305 845 335 903 in
355 845 411 901 hoe
430 843 545 918 quidem
568 861 682 919 genere,
703 841 793 899 nostri
813 842 888 899 nulli
908 843 968 901 fne-

180 949 262 996 runt:
283 940 328 997 sin
342 939 454 1013 qnando
472 938 641 1010 exstiterint,
657 938 740 994 etiem
755 936 868 998 Graeeis
881 948 967 997 erunt

181 1035 380 1110 anteponendi.

220 1226 318 1285 XXV.
348 1226 473 1286 Ornatur
494 1227 581 1303 igitur
600 1227 691 1284 oratio
710 1243 816 1302 genere
829 1226 965 1302 primum,

180 1333 210 1381 et
229 1324 309 1398 qnasi
329 1324 425 1381 colore
445 1325 567 1398 quodem
588 1333 618 1379 et
637 1339 726 1379 sueno
744 1340 814 1378 suo:
836 1342 917 1395 nem,
934 1333 966 1381 ut

135 1431 167 1481 10
180 1420 283 1496 gravis,
304 1432 335 1477 ut
354 1419 458 1490 suevis,
479 1429 511 1475 ut
531 1418 642 1475 erudite
662 1418 707 1488 sit,
729 1427 760 1475 ut
778 1417 919 1490 liberalis,
936 1429 966 1476 ut

182 1516 363 1586 admirabilis,
397 1525 428 1572 ut
459 1514 558 1589 polita,
586 1523 616 1570 ut
650 1532 758 1583 sensus,
786 1523 818 1569 ut
851 1514 967 1571 dolores

180 1612 293 1683 hebeat,
314 1623 450 1685 quantum
477 1629 549 1685 opus
575 1609 621 1679 sit,
642 1628 700 1665 non
721 1618 764 1667 est
785 1608 967 1685 singulorum

181 1708 382 1766 articulorum:
410 1707 438 1763 in
466 1717 527 1762 toto
553 1714 717 1781 spectentur
745 1704 806 1761 here
833 1724 966 1781 corpore.

180 1804 218 1860 Ut
232 1822 317 1878 porro
330 1821 483 1877 conspersa
497 1801 533 1857 sit
547 1800 627 1875 qussi
641 1801 790 1857 verborum
811 1802 968 1859 sententia·

135 1915 165 1962 15
180 1918 298 1973 rumque
313 1898 444 1967 floribus3
466 1897 494 1954 id
510 1916 568 1954 non
589 1896 673 1953 debet
687 1914 749 1953 esse
764 1895 859 1963 seeum
873 1916 968 1972 reque-

179 1994 272 2051 biliter
285 2012 335 2069 per
353 2012 466 2054 omnem
487 1992 654 2063 orationem,
669 1992 718 2049 sed
733 1992 773 2049 ite
786 1992 966 2064 distinctum,

163 2091 211 2146 ‘ut
230 2089 297 2159 sint,
317 2089 397 2163 qussi
418 2089 447 2146 in
467 2100 580 2160 ornatu,
601 2088 738 2163 disposite
764 2087 896 2161 quaedem
925 2089 968 2147 in·

178 2184 272 2261 signia
284 2195 313 2241 et
326 2185 442 2243 lumine.

216 2280 316 2337 Genus
342 2281 428 2357 igitur
459 2282 575 2339 dicendi
608 2292 651 2339 est
684 2280 860 2357 eligendum,
888 2283 967 2357 quod

132 2390 164 2439 eo
178 2376 300 2433 maxime
324 2386 421 2434 teneat
446 2383 497 2435 eos
522 2378 572 2452 qui
599 2378 724 2447 audient,
747 2386 775 2433 et
799 2376 875 2451 quod
905 2397 965 2435 non

178 2473 270 2529 solnm
284 2473 416 2544 delectet,
430 2474 581 2531 sedetiam
595 2474 656 2531 sine
670 2474 800 2532 satietate
820 2473 966 2533 delectet:

179 2567 252 2645 (non
265 2568 341 2625 enim
357 2588 373 2626 a
386 2588 432 2625 me
443 2570 502 2645 jem
516 2569 675 2644 exspectari
686 2579 766 2644 puto,
777 2582 809 2626 ut
819 2586 966 2642 moneam,

177 2676 208 2722 ut
223 2666 355 2737 caveatis,
370 2684 407 2721 ne
420 2665 512 2736 erilis,
525 2683 563 2722 ne
577 2666 687 2723 inculte
700 2666 736 2723 sit
750 2675 844 2723 vestre
859 2666 965 2738 oratio,

176 2780 215 2819 ne
234 2762 367 2838 vulgaris,
387 2780 425 2818 ne
445 2761 589 2819 obsoleta:
618 2762 695 2819 eliud
715 2761 850 2837 quiddam
872 2762 967 2839 majus

130 2870 207 2923 sset
240 2858 356 2934 ingenis
387 2876 434 2915 me
465 2857 615 2915 hortentur
648 2869 750 2929 vestre,
778 2868 807 2915 et
840 2860 965 2939 estates.)

175 2954 302 3012 Difficile
322 2954 399 3011 enim
419 2954 499 3011 dictu
518 2964 572 3027 est,
587 2973 716 3029 quaenam
737 2954 889 3027 censerit,
912 2973 966 3013 eur

176 3068 220 3124 es,
235 3069 297 3125 qus
311 3050 433 3108 maxime
451 3068 552 3124 sensus
570 3060 684 3109 nostros
704 3050 853 3127 impellunt
866 3050 967 3129 volup-
