2109 3417
110 302 196 376 nn]
395 305 440 353 ne
460 303 624 353 onanonn.
904 290 943 352 st

113 450 244 524 missum,
257 470 316 513 non
336 470 429 512 essem
449 461 507 510 tam
526 451 694 523 inurbanus,
709 466 744 509 ac
757 466 838 527 pene
857 447 900 515 in·

114 548 266 620 humanus,
293 548 335 607 uti
368 566 405 607 eo
436 566 580 626 gravarer,
605 547 683 624 quod
712 564 762 606 vos
793 564 900 607 cuncte

115 644 260 702 sentirem.
362 708 366 715 ¹

155 740 234 797 Tum
260 735 416 817 Sulpicius,
436 740 486 798 Au
508 758 589 817 ergo,
610 739 713 815 inquit,
733 738 839 799 oblitus
857 756 899 810 es,
944 772 946 777 ,

115 835 231 907 Crasse,
251 835 411 897 Antonium
433 836 475 895 its
497 836 632 918 partitum
655 854 718 893 esse
741 846 847 906 tecum,
868 842 930 893 uttt

115 931 178 1008 ipse
197 932 416 989 instrumentum
436 932 558 1010 oratoris
584 940 747 1007 exponeret,
767 931 820 989 tibi
840 930 900 1007 ejus

115 1027 330 1085 distinctionem
352 1038 436 1103 atque
456 1038 588 1085 ornatum
608 1027 800 1103 relinqueretl
840 1026 901 1084 Hic

116 1123 174 1195 ille,
189 1123 326 1195 Primum,
340 1124 404 1200 quis
417 1123 546 1183 Antonio
559 1123 696 1199 permisit,
711 1122 812 1199 inquit,
827 1130 901 1180 utet

114 1228 210 1295 partes
230 1219 347 1291 faceret,
362 1229 401 1290 et,
415 1229 507 1278 utram
527 1219 622 1290 vellet,
636 1219 712 1293 prior
731 1218 792 1294 ipse
808 1236 901 1275 sume·

116 1316 180 1372 reti
219 1314 344 1385 Deinde,
364 1314 389 1371 si
408 1333 463 1391 ego
483 1324 561 1373 recte
582 1313 718 1385 intellexi,
733 1332 798 1371 cum
819 1313 900 1371 valde
915 1321 946 1372 10

116 1410 238 1468 libenter
265 1410 404 1481 audirem,
425 1409 503 1466 mihi
522 1410 678 1485 conjuncte
699 1419 743 1465 est
762 1410 838 1467 visus
864 1409 901 1466 de

117 1506 238 1581 utrique
252 1524 283 1562 re
296 1506 402 1563 dicere.
442 1504 495 1563 Ille
509 1522 587 1576 vero,
601 1504 694 1580 iuquit
712 1504 807 1575 Cotta,
820 1522 903 1562 orna·

117 1611 215 1660 menta
228 1600 367 1660 orationis
386 1619 444 1659 non
465 1600 567 1679 attigit,
581 1619 674 1677 neque
693 1618 757 1657 eam
776 1599 900 1671 laudem,

118 1714 155 1755 er
167 1698 222 1773 qut
236 1696 400 1774 eloquentia
412 1714 519 1755 nomen
539 1696 631 1773 ipsum
650 1696 765 1753 invenit.
805 1696 903 1754 Verba

84 1797 90 1803 '
118 1793 216 1870 igitur,
236 1794 329 1869 inquit
354 1793 487 1868 Crassus,
507 1794 578 1852 mihi
604 1792 720 1870 reliquit
745 1791 901 1866 Antonius,
916 1802 947 1852 15

118 1901 179 1948 rem
194 1889 255 1965 ipse
268 1890 376 1949 sumsit.

158 1986 237 2043 Tum
263 1985 370 2057 Cesar,
391 1986 434 2058 Si,
454 1984 531 2061 quod
557 1984 700 2043 difficilius
726 1993 779 2053 est,
800 1984 829 2041 id
849 1984 903 2042 tibi

118 2082 243 2159 reliquit,
264 2092 308 2140 est
329 2082 422 2153 uobis,
444 2081 545 2157 inquit,
567 2099 663 2152 causa,
684 2099 736 2139 cur
755 2091 784 2139 te
805 2080 903 2138 audire

119 2180 284 2255 cupiamus3
305 2178 361 2250 sin,
375 2179 452 2253 quod
473 2178 596 2247 facilius,
610 2176 662 2234 tibi
676 2196 765 2234 causa
777 2196 834 2237 nou
849 2186 902 2249 est,

120 2293 172 2332 cur
191 2292 315 2331 recuses.
369 2273 407 2330 Et
427 2273 556 2344 Catulus,
576 2272 678 2334 Quidt
701 2273 777 2348 quod
797 2271 902 2345 dixisti,
917 2284 950 2333 2⁰

121 2367 223 2441 iuquit,
238 2368 353 2439 Crasse,
365 2367 390 2424 si
403 2366 452 2424 hic
465 2367 552 2425 hodie
574 2367 646 2442 apud
667 2376 696 2423 te
714 2384 903 2441 maneremus,

120 2473 150 2521 te
165 2480 271 2519 morem
291 2463 375 2519 nobis
394 2481 457 2520 esse
474 2473 631 2539 gesturum,
645 2462 755 2520 nihilne
770 2463 805 2520 ad
818 2463 904 2521 fidem

121 2568 200 2615 tuam
233 2567 316 2633 putas
347 2557 509 2634 pertineret
567 2554 646 2615 Tum
678 2559 765 2617 Cotta
796 2558 903 2631 ridens,

121 2654 241 2711 Possem
272 2651 335 2723 tibi,
363 2652 464 2727 inquit,
498 2653 612 2730 Crasse,
643 2654 820 2712 concedere:
853 2655 904 2713 sed

121 2748 196 2820 vide,
217 2766 254 2806 ne
273 2747 342 2823 quid
363 2747 487 2805 Catulus
504 2748 630 2807 attulerit
650 2750 813 2826 religionis:
832 2768 905 2825 opus
919 2766 951 2816 25

122 2846 178 2904 hoc
198 2843 360 2903 censorium
379 2853 439 2902 est:
467 2844 497 2902 id
517 2854 612 2903 autern
632 2845 820 2918 committere,
840 2845 906 2903 ride

122 2940 264 3017 quamsit
283 2939 394 2999 homini
421 2949 503 3016 turpe
529 2941 670 3000 censorio.
721 2942 808 3019 Agite
828 2959 905 3013 vero,

123 3035 172 3094 ille
186 3036 286 3117 inquit,
300 3047 332 3095 ut
345 3034 445 3105 sultis:
466 3036 516 3118 sed
528 3054 612 3101 ,nunc
631 3035 756 3112 quidem,
769 3036 905 3113 quoniam
