2109 3417
417 310 460 359 nn
482 310 645 360 emman.
846 312 885 371 [n.
896 310 926 359 11.

140 467 184 517 est
202 467 293 531 totum
305 458 434 517 scurrile
447 457 633 540 [judicium]⁸
675 458 753 535 Ergo
773 458 846 531 haec,
860 479 926 534 quta

140 554 243 611 cadere
264 566 383 629 possunt
396 555 426 613 in
441 574 512 629 quos
529 555 613 626 nolis,
629 556 755 630 quamvis
769 557 825 613 siut
840 557 925 628 bella,

139 661 206 708 sunt
224 661 321 708 tamen
342 652 404 726 ipso
424 669 529 728 genere
554 651 691 709 scurrilia.
732 652 770 710 Ut
791 653 854 723 iste,
875 655 925 729 qui

139 765 170 803 se
190 747 249 804 vult
270 747 410 818 dicacem,
426 757 465 818 et,
479 748 654 818 mehercule,
669 757 721 817 est,
737 749 858 823 Appius,
873 750 923 807 sed

109 849 343 917 tnunuunquum
372 844 402 901 in
429 844 484 921 hoc
507 844 607 901 vitium
632 844 751 901 scurrile
773 844 922 903 delabitur.

139 938 325 1010 “Coeuabo‚''
341 939 443 1011 inquit,
459 940 563 1015 “apud
584 941 639 1009 te‚''
656 940 723 997 huic
742 941 824 997 lusco
843 941 924 997 fami·

137 1034 202 1093 liari
226 1054 301 1106 meo,
325 1035 359 1093 C.
385 1035 501 1092 Sextio:
533 1036 612 1093 “uui
636 1036 713 1093 enim
737 1036 832 1093 locum
859 1057 922 1095 esse

138 1130 249 1187 videc.’'
291 1130 344 1187 Est
364 1130 421 1187 hoc
443 1130 573 1200 scurrile,
595 1142 623 1187 et
643 1132 719 1205 quod
746 1132 808 1189 sine
834 1134 922 1191 causa

138 1226 346 1309 lacessivitjet
375 1237 469 1286 tamen
498 1228 527 1284 id
542 1227 635 1311 -dixit,
663 1228 736 1302 quod
765 1228 794 1285 in
821 1248 922 1287 omnes

92 1321 233 1389 loluscos
252 1315 437 1400 conveniret..
468 1322 611 1398 Ea‚-quia
631 1324 767 1407 meditata
785 1336 921 1399 putantur

136 1436 209 1489 esse,
224 1418 320 1486 miuus
333 1419 470 1477 ridentur.
512 1420 587 1477 Illud
609 1422 755 1497 egregium
777 1422 876 1493 Sextii,
892 1432 921 1479 et

136 1532 172 1571 ex
192 1525 335 1589 tempure:
357 1516 491 1573 “Manus
510 1516 602 1587 lava‚'’
618 1517 719 1590 inquit,
736 1524 753 1549 ‘⁴
764 1528 792 1575 et
809 1520 919 1575 coena.’'

174 1609 329 1685 Temporis
356 1612 441 1689 igitur
470 1613 554 1682 ratio,
582 1612 726 1688 ¹etipsius
758 1614 921 1672 dicacitatis

130 1708 294 1767 ,moderatio
317 1710 566 1784 attemperanda,
591 1719 620 1767 et
642 1709 742 1767 raritas
768 1710 919 1783 dicturum,

90 1818 121 1867 15
134 1804 292 1882 distinguet
311 1813 454 1863 oratorem
469 1806 613 1874 ascurrd3
635 1816 673 1876 et,
688 1806 764 1879 quod
785 1825 838 1863 uos
852 1827 919 1865 cum

135 1901 223 1959 causi
243 1902 376 1971 dicimus,
391 1921 448 1959 non
470 1912 501 1958 ut
521 1902 634 1959 ridiculi
654 1902 809 1973 videamur,
821 1904 872 1959 sed
888 1914 920 1961 ut

133 1997 316 2073 proficiamus
336 1998 465 2071 aliquid,
493 1997 535 2053 illi
563 2007 652 2054 totum
687 1999 773 2070 diem,
801 2008 829 2055 et
856 1999 919 2057 sine

133 2094 228 2151 causd.
269 2095 350 2156 Quid
372 2095 448 2151 enim
468 2105 512 2151 est
531 2094 657 2169 Vargula
679 2106 835 2165 assecutus,
851 2114 918 2153 cum

132 2207 197 2246 eum
226 2190 395 2247 candidatus
422 2189 458 2246 A.
487 2189 684 2263 Sempronius,
709 2208 775 2246 curn
803 2188 844 2247 M.
866 2208 919 2249 suo

86 2304 119 2353 20
132 2284 227 2356 fratre,
242 2286 406 2361 complexus
419 2296 510 2343 esset:
533 2293 551 2319 “
561 2286 646 2357 Puer,
663 2287 746 2362 abige
760 2288 916 2343 muscasl’'

132 2381 237 2439 Risum
264 2382 402 2457 quaesivit,
430 2383 479 2457 qui
512 2392 566 2454 est,
595 2382 658 2439 med
692 2383 844 2452 sententiis,
872 2384 916 2441 vel

132 2478 316 2535 tenuissimus
349 2478 458 2553 ingenii
491 2478 608 2537 fructus.
665 2477 797 2554 Tempus
830 2480 917 2555 igitur

131 2574 257 2644 dicendi,
281 2574 434 2649 prudentia
460 2585 493 2631 et·
515 2576 663 2650 gravitate,
688 2576 915 2644 moderabimur;

131 2684 249 2743 quarum
271 2672 379 2728 utinam
401 2682 488 2729 artem
510 2671 634 2746 aliquam
654 2671 839 2729 haberemus!
865 2672 916 2729 sed

85 2786 118 2836 25
130 2765 245 2825 domina
253 2776 360 2825 natura
368 2778 424 2836 est.

150 2960 249 3022 .th
280 2962 369 3022 Nunc
388 2956 565 3042 exponamus
585 2982 692 3041 genera
712 2966 774 3041 ipra
795 2982 917 3021 summa·

129 3056 191 3131 tim,
212 3078 275 3134 quoe
294 3062 384 3122 risum
403 3061 526 3120 maxime
548 3071 688 3121 moveant.
731 3060 804 3119 Hac
828 3060 916 3137 igitur
