2109 3417
114 287 196 349 nnn
397 289 440 338 nn
462 287 626 337 osusonu.
889 283 946 343 175

112 441 191 517 quod
205 440 318 512 habeat,
333 451 381 498 aut
395 440 551 517 quidpiam,
562 457 622 498 rem
637 439 712 498 illam
727 439 802 516 quod
818 439 900 498 attin·

112 548 181 614 gat:
202 537 381 604 extrinsecus
399 548 504 608 autem,
518 555 584 594 oum
606 555 649 607 aa,
665 555 726 611 quae
740 547 806 594 sunt
820 536 898 608 foris,

113 651 209 708 nsque
229 633 368 690 inhiarent
388 633 417 690 in
438 632 480 690 rei
500 633 612 704 asturi,
634 633 815 709 colliguntur.
866 633 899 690 Si

113 749 161 788 res
180 741 241 788 tota
259 730 404 805 quaritur,
418 729 586 786 defiuitione
607 729 739 786 universa
756 728 800 786 vis
812 729 899 806 expli·

113 826 208 884 canda
231 837 284 895 est,
308 826 368 883 sio:
400 825 432 882 Si
456 826 589 901 majestas
616 835 659 882 est
686 825 841 902 amplitudo
865 837 930 886 aes

114 923 240 999 dignitas
261 923 394 993 civitatis,
410 922 434 979 is
453 938 517 978 earn
539 922 651 993 minuit,
673 921 722 996 qui
742 921 899 980 exereitum

113 1019 245 1076 hostibus
264 1019 361 1095 popuii
381 1017 509 1075 Romani
530 1017 656 1088 tradidit,
675 1035 734 1074 non
754 1017 802 1092 qui
822 1035 899 1090 eum,

113 1115 206 1191 quiid
222 1115 346 1186 fecisset,
359 1114 458 1190 popuii
479 1114 606 1171 Romani
626 1113 759 1189 potestati
773 1113 898 1172 tradidit.

114 1213 168 1270 Sin
194 1230 276 1287 pars3
303 1211 467 1286 partitione,
488 1210 545 1267 hoo
571 1210 674 1266 modo:
702 1210 762 1268 Aut
788 1210 899 1268 senatui

112 1308 272 1385 parendum
296 1308 332 1366 de
358 1307 450 1364 salute
476 1306 642 1382 reipublicae
670 1303 733 1376 fuit,
755 1315 803 1364 aut
823 1306 899 1364 aliud
915 1319 956 1370 lo·

113 1404 267 1462 eonsilium
288 1403 506 1474 instituendum,
528 1412 576 1460 aut
596 1403 648 1460 sud
675 1413 775 1478 sponte
795 1402 901 1460 facien·

113 1501 199 1570 dum3
228 1500 304 1557 aliud
331 1499 494 1570 eonsilium,
515 1499 685 1575 superbum3
714 1517 797 1555 suum
824 1513 899 1556 arro·

112 1616 201 1675 gans:
223 1596 361 1653 utendum
375 1595 462 1672 igitur
477 1595 531 1652 tuit
545 1594 667 1652 oonsilio
681 1593 804 1653 senattis.
834 1594 899 1652 -Sin

113 1713 150 1752 ex
169 1691 320 1763 vocabulo,
335 1702 366 1749 ut
386 1692 499 1748 (laibos
521 1691 553 1748 Si
574 1689 674 1747 consul
694 1699 748 1761 est,
762 1689 811 1766 qui
832 1707 900 1746 oon·

113 1791 182 1850 sulit
201 1789 309 1867 patria,
324 1788 392 1864 quid
414 1788 491 1846 aliud
511 1787 580 1844 sedit
600 1786 753 1862 Opimius?
793 1785 847 1842 Sin
863 1786 898 1842 ab
915 1787 954 1838 15,

113 1907 160 1958 eo,
181 1885 257 1962 quod
278 1903 338 1941 rem
360 1883 490 1960 attingat,
510 1884 606 1959 plures
627 1892 693 1940 sunt
720 1890 900 1958 arg-umento·
937 1939 940 1944 ,

113 2002 178 2042 rum
192 1981 275 2040 sedes
289 1999 324 2038 ao
336 1979 411 2037 looi:
432 1999 498 2038 nam
512 1989 541 2036 et
556 1979 710 2056 conjuncta
730 1995 897 2053 quatemus,

113 2090 144 2138 et
170 2097 286 2156 genera,
313 2087 344 2134 et
375 2087 472 2152 partes
503 2075 657 2152 genetibus
691 2074 844 2151 subjectas,
870 2083 900 2134 et

113 2175 326 2244 similitudines,
340 2183 369 2231 et
388 2172 646 2242 dissimilitudines,
660 2181 689 2229 et
703 2171 855 2244 contraria,
870 2181 899 2229 et

113 2271 330 2347 oonsequentia,
351 2280 380 2328 et
399 2279 603 2340 eonsentansa,
616 2278 652 2325 'et
672 2268 752 2344 quasi
766 2279 900 2344 'proeour-
914 2275 946 2328 20

112 2369 216 2439 sentia,
230 2377 260 2424 et
272 2365 469 2443 repugnantia,
484 2376 514 2423 et
527 2383 629 2422 causas
642 2383 736 2422 rerum
750 2363 901 2440 vestigabi-

113 2485 188 2537 nsus,
203 2475 232 2522 et
245 2483 289 2537 ea,
304 2481 367 2539 quae
384 2481 420 2520 ex
439 2462 535 2519 nausis
555 2471 617 2523 orta
637 2471 718 2531 sunt;
740 2470 769 2518 et
783 2460 899 2537 majora,

112 2562 204 2641 paria,
219 2561 340 2632 minora,
354 2562 523 2634 queremus.

153 2755 219 2814 XL.
251 2753 296 2812 Ex
315 2751 477 2830 oonjunotis
491 2751 535 2809 sio
552 2760 721 2829 arguments
738 2749 898 2809 ducuntur:
956 2763 961 2770 '

114 2853 149 2913 Si
169 2850 274 2930 ipietati
301 2867 412 2907 summa
437 2848 591 2906 tribuenda
622 2847 684 2904 laus
709 2856 762 2918 est,
790 2846 900 2904 debetis
915 2857 947 2908 25

113 2948 233 3016 moveri,
247 2963 315 3004 eum
328 2945 368 3006 Q.
383 2939 533 3000 Metellum
554 2953 612 3005 tam
631 2942 679 3018 pie
695 2943 793 3020 lugere
806 2941 901 2998 videa·

115 3045 161 3104 tis
201 3043 247 3102 Ex
259 3059 367 3121 genera
385 3049 496 3100 autem:
516 3039 550 3098 Si
564 3038 746 3114 magistiatus
760 3038 790 3095 in
802 3033 912 3112 populi»
