2109 3417
130 268 206 329 mr]
416 268 459 315 ns
481 266 646 315 onrronrr.

128 418 234 477 obrem
254 416 325 475 nihii
347 416 377 475 in
397 416 546 475 hominum
567 434 673 495 genere
686 416 779 475 rarius
791 415 922 491 perfec-to

129 526 249 573 *oratore
270 514 391 571 inveniri
411 525 521 590 potest:
549 534 612 589 quae
634 514 722 585 eninr,
743 514 921 591 singularum

131 630 230 669 rerum
261 612 384 669 artifices
417 611 532 688 singula
558 611 583 668 si
609 611 793 668 mediocriter
825 610 921 686 adepti

130 718 212 779 sunt,
232 709 398 783 probantur,
419 726 463 779 en,
485 707 540 765 nisi
561 707 659 765 omnin
678 724 791 765 summu
809 706 921 765 suntin

134 814 258 876 oratore,
269 804 387 882 probari
401 823 459 861 non
474 814 602 879 possunt
937 812 954 861 5

176 900 253 961 Tum
274 900 405 971 Crassus,
420 900 510 974 Atqui
532 898 607 969 ride,
628 898 730 973 inquit,
749 898 779 957 in
800 898 922 957 artificio

134 1016 271 1075 perquam
291 996 374 1055 tenui
393 1006 423 1055 et
442 995 508 1067 iovi,
529 1006 636 1070 quanto
661 996 726 1071 plue
753 996 922 1054 adhibentur

135 1094 302 1171 diligentie,
323 1112 406 1167 quum
429 1092 458 1149 in
479 1092 535 1149 hac
558 1112 598 1163 re,
618 1112 703 1168 quum
725 1102 838 1150 constet
858 1110 923 1150 esse

135 1189 298 1248 maximam.
347 1190 430 1264 Saepe
450 1189 527 1245 enim
548 1189 628 1245 soleo
649 1189 748 1245 audire
769 1188 921 1263 Roscium,

137 1305 205 1345 cum
232 1286 271 1343 ito
298 1285 385 1357 dicct,
407 1304 438 1343 se
466 1285 561 1343 adhuc
587 1285 711 1360 reperire
738 1285 922 1361 discipulum,
940 1297 971 1346 1⁰

136 1402 224 1459 quem
242 1382 356 1457 quidem
377 1382 520 1457 probaret,
535 1381 660 1456 potuisse
681 1382 842 1452 neminem3
863 1401 922 1440 nou

136 1498 196 1555 quo
216 1498 272 1537 non
293 1488 389 1537 essent
407 1478 522 1554 quidam
543 1478 716 1553 probabiles,
735 1478 785 1535 sed
807 1479 884 1553 quic,
898 1479 924 1537 si

137 1574 246 1651 aliquid
260 1576 345 1633 modo
359 1586 434 1633 esset
447 1575 519 1645 vitii,
534 1574 564 1631 id
579 1575 652 1631 serre
666 1574 726 1650 ipse
740 1593 799 1633 non
817 1586 923 1651 posset.

137 1672 220 1731 Nihil
234 1682 278 1729 est
292 1671 368 1729 enim
383 1682 439 1729 tam
456 1670 578 1747 insigne,
593 1690 648 1729 nec
661 1681 720 1728 tom
735 1671 769 1729 sd
784 1671 925 1729 diuturni·

137 1779 226 1827 tutem
245 1769 391 1827 memorie
410 1768 523 1838 stabile,
537 1785 622 1842 quum
644 1766 684 1836 id,
699 1766 728 1823 in
741 1785 800 1842 quo
818 1766 925 1841 aliquid
942 1778 972 1827 15

138 1864 301 1924 offenderis.
355 1864 456 1940 Itaque
484 1873 514 1923 ut
542 1863 578 1921 ud
606 1863 681 1921 hunc
707 1862 925 1921 similitudinem

139 1960 224 2037 hujus
251 1960 407 2033 histrionis,
435 1960 590 2020 oratoriam
617 1959 731 2017 nudem
758 1959 925 2037 dirigamus,

139 2057 289 2128 videtisne,
309 2076 395 2133 quum
416 2056 487 2115 nihil
510 2056 546 2115 ab
565 2075 612 2126 eo,
625 2056 682 2113 nisi
701 2057 839 2132 perfecte,
853 2056 924 2115 nihii

139 2153 194 2211 nisi
209 2173 275 2211 cum
296 2154 408 2211 summi
422 2162 571 2211 venustate
584 2152 654 2211 fiatt
674 2152 745 2209 nihil
760 2152 815 2211 nisi
830 2153 880 2225 itu,
895 2164 926 2211 ut

140 2248 251 2319 deceat,
279 2258 308 2304 et
334 2247 376 2305 uti
404 2266 503 2303 ornnes
530 2256 643 2305 movent
670 2259 755 2322 atque
781 2248 925 2307 delectet?
940 2262 972 2311 2⁰

139 2342 241 2419 Itaque
265 2343 322 2401 hoc
342 2343 451 2420 jamdiu
476 2353 520 2401 est
543 2354 727 2415 consecutus,
749 2356 791 2415 ut,
814 2345 843 2401 in
867 2365 925 2421 quo

139 2440 261 2515 quisque
289 2439 409 2499 artificio
435 2440 598 2511 excelleret,
626 2440 651 2497 is
679 2441 707 2497 in
735 2459 788 2497 suo
818 2460 926 2517 genere

140 2536 268 2595 Roscius
301 2536 454 2595 diceretur.
508 2536 596 2595 Hono
627 2555 683 2613 ego
717 2537 926 2597 absolutionem

140 2633 403 2710 perfectionemque
430 2632 461 2690 in
487 2648 601 2690 oratore
627 2632 805 2703 desiderans,
829 2653 847 2691 o
869 2636 926 2710 qut

141 2729 201 2806 ipse
211 2729 306 2813 'longe
322 2730 433 2801 absum,
448 2729 524 2788 socio
544 2729 742 2805 impudenter:
764 2729 834 2787 mihi
847 2731 925 2789 eninr
941 2744 973 2793 25

140 2826 204 2885 volo
227 2825 350 2903 ignosci,
374 2825 478 2884 ceteris
502 2825 563 2903 ipse
585 2844 644 2883 non
669 2826 797 2903 ignosco
848 2824 926 2883 Nam

139 2921 189 3001 qui
207 2940 268 2983 non
287 2930 390 3000 potent,
404 2919 453 2996 qui
473 2920 576 2980 vitiose
596 2919 676 2993 fucit,
696 2938 782 2996 quem
801 2919 927 2995 denique

374 3015 422 3076 5·
