2109 3417
109 260 150 320 66
431 268 474 316 nn
497 266 660 315 onrnonn.
875 263 944 325 [nr

156 436 260 489 rernm,
290 418 319 475 in
346 418 396 475 tuti
421 417 574 494 prudentii
607 416 733 473 sciebam
768 415 878 496 inesse:
913 413 944 470 in

155 517 274 572 oratoris
288 534 355 573 vero
376 516 566 572 instrumento
586 524 644 571 tam
661 515 766 570 lautam
780 510 945 587 supellecti-

156 611 212 668 lem
227 630 372 686 nunquam
384 612 518 669 videram.

196 708 281 765 Potes
303 709 398 785 igitur,
414 708 504 782 inquit
525 708 656 777 Crassus,
672 704 718 782 (ut
739 705 795 763 slis
812 706 944 762 omittam
1044 719 1047 730 ·

126 813 142 861 5
157 803 377 861 innumerabilia
391 814 420 861 et
434 805 582 874 immensa,
596 814 625 861 et
639 803 675 859 ad
689 804 782 878 ipsum
795 812 876 859 tuum
895 802 944 877 jus

157 901 241 957 civile
262 901 398 978 veniam,)
414 912 540 957 oratores
559 910 659 974 putare
679 918 739 971 eos,
754 918 825 974 qnos
838 898 944 955 multas

157 996 242 1053 horas
263 997 445 1072 exspectavit,
467 1014 533 1053 curn
555 995 584 1051 in
606 1014 738 1071 campum
765 1007 942 1070 properaret,

157 1093 296 1149 stridens
314 1103 342 1149 et
362 1092 546 1149 stomachans
566 1092 704 1161 Scaevola,
719 1110 786 1147 eum
800 1090 943 1166 Hypseus

157 1189 281 1245 maximi
314 1206 394 1258 voce,
423 1188 553 1263 plurimis
586 1188 689 1257 verbis,
717 1206 734 1244 a
760 1186 802 1245 M.
836 1188 943 1244 Crasso

68 1349 70 1353 ,
112 1300 142 1349 10
157 1296 277 1360 praetore
305 1284 501 1354 contenderet,
529 1294 561 1341 ut
586 1284 624 1354 ei,
651 1302 735 1358 quern
760 1283 942 1355 defendebat,

157 1381 245 1437 causi
260 1381 362 1437 eadere
377 1380 477 1436 liceret
486 1401 493 1449 ;
515 1381 570 1437 Cn.
587 1390 680 1437 autern
695 1380 843 1451 Octavius,
858 1380 942 1437 homo

158 1476 326 1546 consularis
342 1494 399 1532 non
415 1476 509 1532 minus
529 1477 617 1552 longe
636 1477 765 1533 oratione
785 1485 941 1546 recusaret,

158 1592 195 1629 ne
217 1573 393 1629 adversarius
413 1572 500 1629 causat
520 1572 647 1642 eederet,
664 1591 697 1627 ae
714 1591 752 1628 ne
770 1571 804 1642 is,
818 1591 871 1647 pro
885 1591 942 1646 quo

158 1669 218 1745 ipse
242 1669 360 1740 diceret,
386 1669 461 1744 turpi
490 1670 586 1726 tutelae
610 1668 731 1744 judicio,
757 1678 841 1742 etque
862 1668 941 1725 omni

112 1782 142 1830 15
159 1766 297 1836 molestie,
319 1766 440 1823 stultitiis
464 1765 628 1836 adversarii,
649 1765 837 1821 liberaretnrt
877 1764 942 1841 Ego

158 1882 225 1919 vero
245 1863 325 1935 istos,
347 1863 448 1938 inquit,
472 1860 603 1937 (memini
630 1860 706 1917 enim
733 1860 804 1918 mihi
827 1879 943 1917 nsrrere

158 1956 314 2037 Muciump
327 1978 385 2015 non
397 1957 483 2015 modo
495 1957 617 2015 oratoris
630 1956 756 2027 nomine,
767 1957 817 2013 sed
832 1975 868 2013 ne
882 1957 943 2013 foro

155 2054 272 2129 quidem
293 2054 396 2129 dignos
416 2053 549 2131 putirim.
590 2052 681 2127 Atqui
700 2071 759 2108 non
779 2052 870 2109 defuit
886 2052 943 2109 illis

157 2150 294 2224 patronis,
316 2149 407 2223 inquit
434 2149 565 2218 Crassus,
589 2149 760 2223 eloquentia,
783 2166 875 2222 neque
901 2148 943 2204 di·

109 2261 143 2310 20
159 2244 244 2300 cendi
258 2244 330 2301 ratio
346 2256 394 2301 rut
408 2244 499 2319 copie,
514 2244 565 2301 sed
583 2244 654 2320 juris
668 2244 760 2301 civilis
773 2244 941 2319 prudentia:

157 2341 235 2416 quod
261 2340 330 2397 alter
357 2339 430 2416 plus,
459 2340 523 2416 lege
557 2341 678 2417 agendo,
703 2341 831 2415 petebat,
857 2359 942 2415 quarn
1045 2391 1047 2409 ς

157 2447 295 2511 quantum
316 2436 363 2493 lex
383 2437 412 2493 in
433 2435 502 2493 XII.
515 2436 628 2495 'tabulis
654 2438 837 2511 permiserrt3
865 2438 942 2511 quod

158 2552 224 2590 eum
246 2532 435 2608 inipetrrisset,
457 2533 546 2591 causti
566 2533 697 2603 eaderet;
720 2532 790 2590 alter
812 2533 943 2606 iniquum

156 2631 275 2705 putebat
301 2630 364 2706 plus
391 2648 489 2686 seeum
518 2630 574 2706 agi,
602 2647 686 2703 quam
720 2628 797 2703 quod
823 2642 886 2686 erat
912 2629 943 2686 in
1045 2679 1047 2685 ,

111 2747 144 2797 25
159 2726 287 2795 aetione3
312 2744 405 2800 neque
427 2725 614 2801 intelligebat,
635 2724 660 2781 si
680 2724 721 2782 its
740 2734 815 2781 esset
836 2737 941 2796 retum,

157 2824 236 2881 litem
252 2823 442 2880 adversarium
456 2822 642 2898 perditurum.

198 3016 358 3079 XXXVII.
384 3015 487 3080 Quidt
514 3016 560 3073 his
585 3014 687 3092 paneis
705 3015 817 3087 diebus,
835 3030 943 3087 nonne,
