2109 3417
111 266 152 325 58
435 276 478 323 ne
500 276 664 323 oarroun
873 275 945 337 [ar.

157 433 216 481 tate
243 441 277 481 ae
303 433 460 482 venustate.
519 424 617 482 Etiam
644 423 694 482 ilia
719 422 888 501 cogndrem,
914 433 947 481 et

159 538 337 596 acceperam,
366 530 516 595 antequam
545 520 581 577 de
608 540 639 577 re
665 520 836 591 diceremus,
861 518 946 576 initio

158 617 357 675 conciliandos
377 634 477 673 eorum
497 636 561 673 esse
584 616 703 687 animes,
724 616 773 690 qui
796 613 945 686 audirent;

158 712 262 769 deinde
282 731 342 769 rem
365 712 634 782 demonstrandam
661 722 761 788 postea
784 722 947 769 controver-

127 809 229 868 saiam
250 809 494 879 constituendam
516 820 577 867 tum
598 808 638 880 id,
652 808 729 883 quod
747 826 800 865 nce
816 808 947 865 intende·

158 924 265 976 remus,
286 904 531 975 confirmandum
558 916 634 980 post,
654 924 718 980 qnae
741 918 842 962 eontra
867 903 947 961 diee-

158 1014 267 1072 rentur,
282 1000 454 1071 refellenda3
475 1003 604 1058 extremd
624 1012 719 1059 auteur
740 1001 879 1072 oratione,
898 1017 945 1073 ea,

130 1112 137 1133 ⁸
158 1116 222 1173 quie
242 1116 294 1171 pro
315 1097 398 1154 nobis
418 1108 524 1168 essent,
540 1097 741 1173 amplificanda
754 1107 783 1154 et
796 1097 944 1173 angenda3

159 1211 278 1268 quaeque
299 1204 395 1251 essent
413 1212 465 1269 pru
482 1193 660 1266 adversariis,
676 1193 846 1252 infirmanda
859 1202 945 1269 atque

112 1304 146 1354 ιο
160 1289 325 1366 frangenda.

199 1480 330 1540 XXXII.
361 1481 517 1539 Audieram
544 1482 632 1539 etiarn
657 1501 720 1557 que
746 1480 945 1540 decretionis

160 1576 250 1655 ipsius
270 1578 446 1649 ornamentis
465 1578 660 1648 traderentur;
692 1578 722 1635 in
742 1578 799 1653 qud
816 1577 945 1653 precipi-

161 1686 206 1735 tur
220 1675 354 1751 primurn,
365 1686 397 1732 ut
411 1694 480 1751 pure
494 1685 523 1732 et
537 1675 639 1733 Latine
653 1675 802 1749 loquamur
810 1694 818 1745 3
839 1673 944 1733 deinde

160 1783 192 1831 ut
212 1772 298 1847 plane
317 1783 346 1830 et
366 1771 509 1843 dilucide;
538 1781 598 1829 turn
624 1781 655 1828 ut
681 1780 797 1840 ornate;
824 1781 887 1847 post
908 1771 944 1829 ad

115 1870 147 1922 15
161 1889 255 1928 rerum
276 1870 445 1946 dignitatem
463 1879 527 1943 apte
541 1879 571 1925 et
583 1868 663 1943 quasi
678 1869 782 1925 decore
791 1888 799 1937 ;
820 1867 946 1944 singula·

160 1984 281 2040 rumque
296 1984 390 2022 rerum
404 1975 546 2041 praecepta
560 1964 723 2041 ecgndram.
763 1962 943 2034 Quinetiam,

160 2080 223 2135 quae
245 2060 366 2117 maxime
385 2060 500 2135 propria
523 2069 619 2117 essent
643 2069 763 2129 naturae,
784 2068 880 2116 tamen
900 2057 945 2115 hie

162 2156 231 2231 ipsis
246 2166 334 2212 artem
351 2154 479 2212 adhiberi
494 2155 636 2213 videram:
657 2174 722 2213 nam
736 2156 773 2212 de
788 2155 902 2213 actione
916 2165 945 2213 et

161 2250 198 2307 de
220 2250 358 2307 memorii
386 2251 516 2325 quaedarn
543 2252 649 2323 brevia,
669 2251 720 2309 aed
747 2252 852 2329 mugnd
879 2270 944 2311 cunr

113 2350 148 2399 20
162 2346 376 2418 exercitatione,
390 2357 535 2424 praecepta
553 2350 707 2424 gustarem.
748 2347 783 2405 In
804 2348 848 2405 his
868 2349 945 2405 enim

163 2443 222 2501 fere
255 2443 340 2502 rebus
373 2442 467 2501 omnis
500 2443 619 2502 istorum
647 2444 788 2502 artificum
814 2444 946 2503 doctriua

163 2549 301 2611 versatur,
328 2555 413 2613 quam
439 2556 495 2615 ego
521 2540 546 2596 si
573 2539 644 2597 nihil
678 2539 774 2597 dicam
803 2540 945 2615 adjuvare,

163 2635 301 2693 mentiar:
329 2634 414 2691 habet
440 2634 517 2691 enim
545 2636 674 2711 quiedam
702 2636 783 2710 quasi
812 2637 846 2693 ad
871 2654 947 2694 com·

162 2731 338 2788 monendum
364 2740 518 2803 oratorem,
545 2749 602 2807 qno
628 2732 754 2807 quidque
780 2732 893 2802 referat,
917 2740 946 2788 et

113 2836 150 2887 95
164 2846 221 2903 qun
241 2827 364 2899 intuens,
380 2827 416 2885 ab
436 2845 481 2897 eu,
496 2828 697 2904 quodcumque
717 2828 772 2885 eibi
794 2845 947 2903 proposue-

163 2924 210 2995 rit,
224 2923 320 2982 minue
340 2923 459 2981 aberret.
500 2923 609 2981 Verum
630 2943 687 3003 ego
707 2925 783 2982 hane
795 2923 852 2981 vim
865 2922 948 2981 intel-

163 3021 224 3103 ligo
244 3038 307 3079 esse
320 3019 350 3079 in
362 3019 514 3100 preceptis
533 3020 677 3095 omnibus,
691 3025 750 3081 nun
763 3030 794 3078 nt
806 3038 842 3079 ea
854 3020 949 3079 secuti
