2109 3417
134 316 176 387 '¹7⁰
458 337 501 385 oa
522 336 686 385 canrosa.
805 373 812 381 .
885 336 977 396 [ιιι.

182 483 294 541 tionum
315 503 406 561 genus
426 495 470 542 est
490 484 617 557 difficile,
632 483 707 561 quod
722 502 776 560 ego
791 482 874 541 initio
887 484 975 560 quasi

184 600 201 638 ιι
225 583 376 658 preceptis
402 583 507 639 nostris
534 600 728 639 secreveram:
756 582 817 653 sed,
845 591 874 639 et
901 582 975 657 quia

182 679 272 735 multa
298 689 364 735 sunt
390 679 551 735 orationum
579 696 694 755 genera,
723 688 751 735 et
778 678 917 755 graviora,
943 688 973 735 et

181 774 298 850 majoris
319 774 418 849 copiae,
433 775 586 850 dequibus
606 792 692 831 nemo
712 774 779 849 fera
792 774 971 850 praeciperet,

151 879 212 927 bet
231 871 308 945 quod
328 889 381 926 nos
401 870 614 928 laudationibus
641 889 699 928 non
727 870 767 927 ita
787 871 906 927 multum
930 870 973 928 uti

182 967 348 1036 soleremus,
362 977 453 1023 totum
468 966 546 1023 huno
560 968 745 1043 segregabam
764 966 869 1024 locum.
910 965 973 1041 Ipsi
1041 990 1042 1007 ι

182 1063 258 1121 euim
278 1062 374 1119 Graeci
398 1061 536 1138 [legendi,
551 1063 600 1137 qui
622 1062 712 1139 magis
728 1065 788 1143 aut]
806 1062 975 1119 delectatio-

182 1159 237 1229 nis,
259 1169 307 1216 aut
331 1158 456 1216 hominis
482 1160 604 1235 alicujus
630 1158 762 1229 ornandi,
784 1178 867 1233 quam
896 1157 974 1215 utili·

183 1254 249 1313 tatis
269 1255 352 1331 hujus
373 1255 494 1312 lorensis
515 1256 612 1327 causi,
632 1255 811 1312 laudationes
832 1255 975 1330 scriptita-

136 1360 169 1410 1o
183 1360 301 1421 verunt3
322 1369 440 1425 quorum
456 1360 521 1407 sunt
536 1350 610 1422 libri,
626 1350 728 1424 quibus
747 1349 973 1421 Themistocles,

183 1446 336 1518 Aristides,
364 1446 528 1521 Agesilaus,
556 1444 779 1520 Epaminondas,
811 1443 973 1520 Philippus,

184 1541 357 1612 Alexander,
380 1541 493 1616 aliique,
514 1540 684 1599 laudantur:
712 1550 815 1597 nostrae
835 1539 975 1599 laudatio·

183 1656 245 1710 nes,
259 1637 363 1713 quibus
377 1636 406 1694 in
421 1636 483 1693 foro
503 1636 620 1708 utimur,
637 1646 686 1694 aut
705 1636 862 1693 testimonii
882 1636 975 1694 brevi-

183 1743 271 1792 tatem
291 1734 399 1791 habent
418 1732 524 1790 nudam
547 1742 630 1809 atque
651 1730 820 1804 inornatam,
837 1742 884 1790 aut
904 1734 975 1791 scri·

137 1836 170 1887 15
183 1830 289 1887 buntur
311 1828 346 1887 ad
366 1826 516 1887 funebrem
537 1830 720 1900 concionem,
741 1848 804 1903 quae
818 1828 853 1886 ad
867 1830 974 1887 oratio-

182 1925 229 1983 nis
254 1926 369 1984 laudem
402 1925 522 1983 minime
557 1924 773 1983 accommodata
806 1935 857 1982 est.
913 1927 974 1984 Sed

182 2032 290 2096 tamen,
304 2023 439 2099 quoniam
453 2032 498 2080 est
511 2022 648 2080 utendum
664 2021 826 2096 aliquando,
841 2039 975 2080 nonnun-

183 2138 268 2195 quam
303 2120 390 2178 etiam
422 2118 618 2190 scribendum,
646 2118 722 2174 velut
755 2117 786 2175 P.
819 2117 973 2177 Tuberoni

184 2215 354 2273 Africanum
377 2214 549 2271 avunculum
570 2213 698 2271 laudanti
719 2212 832 2289 scripsit
854 2214 888 2271 Ο.
911 2214 974 2271 Lae·

136 2322 170 2372 ao
183 2310 249 2383 lius,
269 2311 314 2367 vel
334 2323 366 2366 ut
389 2310 568 2385 nosmetipsi,
589 2309 711 2367 ornandi
738 2312 835 2380 causa,
856 2310 972 2367 Graeoo-

183 2423 246 2466 rum
268 2425 356 2478 more,
377 2406 401 2464 si
422 2425 494 2482 quos
520 2406 650 2477 velimus,
671 2406 788 2464 laudare
814 2406 955 2483 possimus
962 2428 970 2477 ;

184 2504 221 2562 sit
236 2522 252 2561 a
265 2502 348 2559 nobis
361 2521 472 2578 quoque
485 2512 623 2559 tractatus
638 2502 662 2558 is
675 2502 764 2560 locus.

224 2598 412 2674 Perspicuum
440 2608 484 2656 est
511 2598 607 2675 igitur,
634 2598 690 2655 alia
713 2616 776 2654 esse
800 2598 830 2655 in
856 2599 971 2656 homine

184 2696 319 2771 optanda,
340 2695 397 2753 alia
415 2694 568 2752 laudanda.
621 2694 731 2765 Genus,
759 2694 859 2765 forma,
886 2695 971 2767 viros,

137 2800 263 2868 250pes,
291 2792 407 2864 divitiae,
435 2802 588 2865 ceteraque
616 2808 678 2865 quae
706 2790 818 2847 fortuna
847 2791 895 2847 det
923 2801 971 2849 aut

124 2919 126 2922 ·
183 2881 363 2947 extrinsecus
383 2897 432 2945 aut
451 2887 576 2962 corpori,
591 2904 649 2943 non
665 2886 772 2943 habent
787 2886 815 2943 in
830 2904 861 2943 se
875 2904 970 2945 veram

184 2982 315 3056 laudem3
345 3003 409 3060 que
435 2966 535 3040 deberi
562 2981 659 3039 virtuti
683 2981 733 3039 uni
756 2992 889 3057 putatur:
921 2984 972 3042 sed

184 3090 293 3156 tamen,
306 3081 383 3159 quod
404 3080 466 3156 ipsa
485 3080 574 3136 virtus
594 3078 624 3136 in
645 3096 743 3137 aarum
759 3094 854 3136 rerum
868 3098 921 3139 usu
937 3098 972 3137 ac
