2109 3417
119 287 202 347 nn]
392 287 446 335 ,uu
467 288 631 336 oaa'ronn.
896 279 950 338 131

119 453 222 494 sonum
237 433 324 506 vocis,
338 434 380 492 vir
393 436 527 511 optimus,
543 436 640 494 Crassi
655 436 811 506 familiaris,
823 436 906 496 Anti·

118 541 217 606 pater:
238 532 327 588 ceteri
341 549 399 588 non
414 543 596 590 exornatores
607 551 711 606 rerum,
723 533 773 590 sed
784 544 906 590 tautum·

119 628 208 684 modo
220 637 380 685 narratores
393 627 515 686 suerunt.
939 651 944 680 ι

159 819 244 877 ΧΙΙΙ.
276 819 338 891 Est,
352 819 446 895 inquit
465 821 596 893 Catulus,
618 832 649 878 ut
669 822 758 880 dicis:
780 823 830 881 red
851 822 904 882 iste

119 916 182 992 ipse
202 916 310 974 Coelius
330 935 423 992 neque
446 917 577 975 distinxit
603 919 747 976 historiam
769 921 937 978 varietateb

118 1012 266 1083 locorum3
287 1032 379 1089 neque
394 1015 543 1071 verborum
559 1015 757 1087 collocatione,
768 1028 797 1072 et
810 1027 904 1074 tractu

119 1109 258 1167 orationis
276 1109 335 1166 leni
355 1122 386 1167 et
404 1110 547 1185 aequabili,
561 1111 710 1187 perpolivit
731 1113 801 1169 illud
816 1132 902 1188 opus;

119 1206 181 1276 sed,
195 1215 227 1262 ut
241 1205 327 1278 bomo
345 1225 439 1280 neque
459 1207 563 1263 doctus
578 1227 671 1282 neque
686 1209 807 1266 maxime
823 1220 904 1285 aptus

120 1302 157 1358 ad
177 1302 341 1374 dicendum,
355 1302 430 1359 sicut
448 1303 551 1378 potuit,
566 1304 688 1362 dolavit:
710 1305 778 1362 vicit
798 1316 903 1377 tamen,

119 1409 152 1456 ut
178 1398 261 1470 dicis,
288 1398 457 1474 superiores.
516 1399 638 1456 Minime
672 1401 784 1474 mirum,
813 1402 904 1476 inquit
921 1404 951 1455 1⁰

119 1495 276 1566 Antonius,
290 1495 315 1552 si
336 1495 390 1552 ista
409 1515 455 1552 res
475 1496 570 1553 adhuc
590 1499 688 1554 nostrat
709 1497 806 1574 lingua
828 1499 904 1558 illus·

119 1600 194 1649 trata
219 1609 277 1648 non
303 1602 364 1648 est:
398 1611 483 1651 nemo
507 1592 585 1648 enim
613 1594 708 1650 'studet
728 1593 903 1667 eloquentiae

118 1696 281 1744 nostrorum
303 1686 459 1758 bominum,
474 1687 529 1744 nisi
552 1687 633 1745 utin
654 1688 748 1744 causis
770 1702 853 1763 atque
875 1690 904 1746 iu

120 1783 182 1841 soro
195 1783 324 1841 eluceat:
346 1785 419 1859 apud
433 1785 552 1842 Grecos
567 1795 660 1842 autem
680 1785 904 1860 eloquentissimi

119 1879 259 1953 homines,
287 1880 388 1938 remoti
417 1901 433 1938 a
459 1881 554 1938 causis
582 1880 751 1954 forensibus,
777 1901 843 1939 cum
869 1883 903 1939 ad
920 1887 950 1938 15

118 1987 232 2034 ceteras
250 1995 297 2034 res
323 1977 455 2049 illustres,
475 1988 537 2034 tum
559 1977 795 2035 adscribendam
818 1979 905 2036 histo·

118 2072 191 2130 riam
219 2073 350 2144 maxime,
377 2092 409 2130 se
436 2074 658 2150 applicaverunt.
714 2073 848 2149 Namque
875 2086 904 2133 et

119 2168 301 2226 Herodotum
315 2169 404 2240 illum,
418 2170 468 2244 qui
487 2171 622 2245 princeps
642 2189 733 2246 genus
754 2172 809 2228 hoc
822 2190 905 2230 orna·

118 2265 169 2336 vit,
184 2264 213 2322 in
227 2264 321 2322 causis
334 2264 405 2322 nihil
420 2265 539 2322 omuino
554 2275 695 2322 versatum
716 2286 778 2324 esse
794 2269 904 2342 accepi·

118 2379 199 2418 mus:
221 2361 299 2436 atqui
318 2371 397 2418 tanta
417 2371 460 2418 est
480 2362 653 2436 eloquentia,
669 2372 699 2419 ut
713 2382 758 2420 me
777 2364 902 2438 quidem,
918 2375 950 2426 ω

118 2466 256 2532 quantum
276 2476 331 2534 ego
350 2458 453 2515 Graece
473 2458 580 2533 scripta
600 2458 759 2535 intelligere
776 2479 902 2534 possum,

118 2570 292 2630 magnopere
306 2553 438 2611 delectet.
479 2553 526 2625 Et,
538 2566 601 2630 post
614 2553 704 2626 illum,
716 2555 904 2631 Thucydides

117 2668 219 2708 omues
244 2650 360 2708 dicendi
387 2650 518 2722 artificio,
546 2651 611 2710 med
639 2651 791 2722 sententia,
819 2653 903 2710 facile

119 2745 204 2816 vicit3
234 2746 283 2822 qui
307 2747 348 2804 ita
370 2747 469 2804 creber
493 2757 537 2803 est
559 2765 654 2804 rerum
679 2747 847 2823 frequentid,
872 2760 904 2806 ut

118 2843 267 2901 verborum
287 2861 381 2919 prope
395 2861 546 2901 nnmerum
563 2845 769 2901 sententiarum
778 2863 904 2904 ,numero
918 2853 950 2904 w

118 2947 327 3013 consequatur;
349 2940 388 2996 ita
407 2957 492 3015 porro
514 2939 606 2996 verbis
628 2949 709 3014 aptus
730 2950 760 2996 et
779 2959 903 3015 pressus,

118 3045 152 3097 ut
163 3036 288 3111 nescias,
302 3046 397 3096 utrum
416 3054 463 3095 res
480 3034 621 3108 oratione,
636 3055 672 3094 an
687 3036 773 3094 verba
791 3043 904 3094 senten·
