2109 3417
124 312 165 373 48
445 326 489 375 nn
509 327 673 375 omroan.
872 330 960 389 [nm

170 472 237 548 pell,
259 473 411 550 locupletis
437 476 569 549 hominis,
593 478 670 535 bona
695 477 757 534 sine
782 486 959 534 testamento

170 569 333 645 possederat
340 591 348 641 3
382 573 549 647 sederetque
581 573 734 631 advocatus
759 591 809 629 reo
837 572 956 643 Bestia,

171 684 238 721 cum
266 666 350 723 lunus
378 668 519 741 quoddam
551 670 712 741 duceretur,
741 680 890 727 accusator
917 668 954 725 C.

171 760 336 834 Memmius,
358 763 490 835 “Vide''
518 765 620 839 inquit,
649 767 795 837 “Scaure,
822 776 956 822 mortuus

140 863 156 911 5
171 857 287 932 rapitur,
302 858 326 914 si
340 868 421 934 potes
434 876 497 929 esse
509 862 682 935 possessor.’¹
1042 840 1043 855 l

211 953 269 1010 Sed
282 969 318 1010 ex
331 954 376 1010 his
389 956 521 1012 omnibus
535 956 606 1012 nihil
627 956 718 1033 magis
735 956 852 1028 ridetur,
867 976 954 1032 quam

172 1049 247 1125 quod
260 1060 303 1107 est
322 1060 424 1125 praeter
443 1052 702 1126 exspectationem
723 1053 805 1129 cujus
823 1054 955 1111 innume·

172 1146 272 1203 rabilia
291 1155 358 1203 sunt
377 1148 516 1223 exempla,
537 1148 581 1205 vel
609 1148 697 1223 Appii
723 1149 838 1226 majoris
864 1149 952 1221 illius,

171 1242 218 1316 qui
233 1242 262 1298 in
277 1251 387 1313 senatu,
402 1260 468 1299 cum
488 1255 619 1319 ageretur
632 1244 668 1300 de
682 1244 757 1321 agris
776 1244 908 1319 publicis,
923 1256 954 1303 et
1042 1238 1043 1249 ³

126 1338 208 1394 lude
228 1338 291 1415 lege
310 1338 432 1409 Thotis,
453 1349 481 1396 et
503 1349 678 1415 premeretur
704 1339 833 1397 Lucilius
858 1342 893 1397 ab
916 1341 953 1397 iis

172 1434 221 1508 qui
241 1452 258 1491 a
276 1453 379 1509 pecore
399 1435 460 1510 ejus
480 1435 596 1509 depasci
620 1454 703 1511 agros
726 1435 856 1509 publicos
876 1436 953 1492 dicc-

172 1540 244 1602 rent‚
264 1529 361 1588 “Non
381 1533 452 1602 est,”
475 1532 574 1606 inquit,
597 1530 730 1588 “Lucilii
753 1549 840 1606 pecus
864 1530 950 1589 illud:

172 1627 310 1683 erratis:''
333 1626 500 1704 (defendere
522 1625 667 1683 Lucilium
687 1626 846 1705 videbatur)
869 1633 952 1704 “ego

171 1721 292 1779 liberum
304 1736 375 1798 puto
388 1740 468 1778 esse:
490 1722 546 1796 quai
559 1722 647 1792 lubet,
661 1722 814 1797 pascitur.''

126 1826 157 1875 15
210 1818 308 1876 Placet
328 1819 414 1876 etium
433 1818 504 1874 mihi
527 1818 599 1875 illud
626 1818 770 1893 Scipionis
798 1819 882 1889 illius,
902 1820 952 1895 qui

171 1914 219 1971 Ti.
245 1915 410 1972 Gracchum
435 1914 573 1991 perculit:
608 1932 673 1985 cum
699 1914 727 1971 ei
753 1912 794 1971 M.
817 1914 951 1988 Flaccus,
1041 1942 1042 1993 p

170 2012 267 2068 multis
299 2011 411 2086 probris
443 2010 573 2087 objectis,
602 2011 634 2068 P.
662 2008 792 2069 Mucium
823 2011 952 2086 judicem
1041 2002 1042 2017 ¹

172 2107 291 2181 tulisset,
306 2107 450 2183 “Ejero,'’
471 2107 580 2180 inquit:
613 2106 757 2182 “iniquus
776 2109 861 2164 est:''
884 2126 951 2165 cum

171 2214 246 2261 esset
260 2204 511 2274 admurmuratum,
525 2208 545 2235 ‘⁴
555 2202 642 2259 Ah!”
658 2202 758 2278 iuquit,
774 2210 792 2237 “
801 2203 832 2260 P.
845 2202 880 2261 C.
894 2223 952 2261 non

126 2306 157 2356 20
172 2318 227 2377 ego
240 2299 309 2356 mihi
324 2298 403 2355 illum
424 2298 555 2373 iniquum
574 2298 661 2375 ejero,
675 2318 772 2357 verum
789 2300 949 2357 omuibus.”
1041 2342 1042 2349 ,

211 2396 258 2454 Ab
285 2395 342 2452 hoc
372 2412 439 2451 vero
471 2394 577 2451 Crasso
609 2394 680 2452 nihil
714 2394 850 2453 facetius:
884 2412 952 2452 oum
1041 2400 1042 2409 ’

172 2492 290 2551 laesisset
315 2489 397 2548 testis
423 2489 501 2547 Silus
523 2490 667 2561 Pisonem,
689 2491 764 2564 quod
784 2509 814 2547 se
834 2490 865 2548 in
884 2508 951 2547 eum

174 2587 286 2646 audisse
305 2587 438 2656 dixissen
466 2587 593 2644 “Potest
617 2586 706 2657 ficri,”
728 2585 829 2660 inquit,
850 2592 869 2619 “
880 2586 950 2658 Sile,

173 2694 204 2741 ut
230 2684 264 2754 is,
291 2682 368 2740 unde
393 2692 422 2740 te
449 2682 562 2740 audisse
593 2681 677 2752 dicis,
704 2681 792 2739 iratus
820 2682 948 2739 dixerit”

126 2794 158 2843 25
173 2781 285 2837 Annuit
305 2780 390 2837 Silus.
432 2778 556 2837 “Potest
577 2778 672 2849 etiam,
692 2787 724 2835 ut
744 2787 774 2835 tu
794 2796 853 2835 non
872 2790 950 2835 recte

173 2874 373 2933 intellexeris.”
414 2873 448 2931 1d
468 2891 582 2948 quoque
601 2882 662 2930 toto
682 2872 775 2948 capite
796 2872 905 2944 annuit,
917 2884 950 2930 ut

172 2990 205 3030 se
223 2971 328 3029 Crasso
347 2972 436 3031 daret
476 2969 603 3027 “Potest
625 2968 710 3027 etiam
737 2968 828 3040 lieri,''
848 2967 949 3043 inquit,

174 3075 234 3126 “ut
259 3068 387 3141 omnino,
406 3065 481 3142 quod
507 3078 538 3125 te
564 3064 677 3125 audisse
701 3063 783 3138 dicis,
804 3080 950 3139 nunquam
