2109 3417
132 304 215 364 nn]
266 283 270 291 “
415 304 458 351 nn
480 304 643 363 onerose.
924 297 964 357 27

132 464 255 531 gestum,
269 464 416 529 spectante
436 454 565 511 Roscio:
587 454 650 529 quis
670 453 747 511 enim
763 470 826 511 sese
840 470 918 511 oom-

133 569 247 607 movere
266 561 367 625 potest,
382 550 463 626 eujus
484 550 532 607 ille
552 551 621 607 vitia
640 568 698 607 non
712 550 831 607 videatl
866 551 917 607 Sic

133 665 188 723 ego
208 667 295 719 nuno,
317 647 422 704 Crasso
450 648 593 718 audiente,
613 648 735 722 primum
760 647 859 721 loquar
880 647 916 703 de

134 743 254 814 facetiis,
281 753 311 800 et
340 744 452 800 docebo
486 763 544 814 sus,
573 742 618 819 (ut
652 744 744 822 aiunt)
774 754 916 799 oratorem

133 858 209 908 eum,
220 859 304 913 quem
319 859 385 897 cum
400 839 520 898 Catulus
531 858 620 914 nuper
630 838 767 909 audisset,
780 845 798 871 “
809 838 915 901 frenum
930 849 946 897 5

134 935 226 992 alios''
243 936 336 993 aiebat
348 942 438 993 “esse
449 938 608 1011 oportere.’'
637 935 716 992 Tum
727 936 784 1007 ille,
796 935 917 993 Jooaba·

133 1042 188 1101 tur,
200 1031 302 1105 inquit,
313 1032 444 1101 Catulus,
455 1032 611 1107 praesertim
623 1051 689 1089 oum
704 1032 744 1089 ita
755 1032 832 1091 dioat
844 1032 914 1107 ipse,

133 1141 164 1186 ut
185 1129 327 1185 ambrosiis
351 1128 469 1185 alendus
496 1147 559 1184 esse
587 1128 731 1185 videatur:
759 1147 856 1185 verum
877 1139 915 1199 te,

134 1224 240 1296 Caesar,
263 1224 420 1294 audiamus,
442 1234 473 1281 ut
494 1224 529 1281 ad
551 1221 673 1281 Antonii
693 1224 803 1299 relique
820 1224 917 1281 redea-

132 1340 204 1377 mus.
259 1320 296 1376 Et
329 1320 484 1391 Antonius,
518 1314 667 1395 Perpauca
682 1370 685 1375 .
699 1321 813 1393 quidem
847 1320 916 1378 mihi
931 1328 962 1377 10

132 1426 249 1483 restant,
270 1417 378 1491 inquit:
398 1417 448 1474 sed
469 1427 575 1486 tamen,
596 1416 723 1472 defessus
740 1417 799 1491 jam
819 1416 916 1473 labore

134 1521 219 1586 atque
245 1512 347 1569 itinere
374 1511 584 1586 disputationis,
605 1511 782 1585 requiescam
803 1511 832 1569 in
854 1511 916 1569 Om-

132 1607 204 1665 saris
230 1627 372 1679 sermone,
400 1607 481 1682 quasi
515 1607 545 1663 in
579 1606 674 1681 aliquo
705 1616 916 1681 peropportuno

133 1704 301 1762 deversorio.

171 1897 279 1956 LVIII.
310 1897 409 1974 Atqui,
431 1898 522 1972 inquit
543 1897 647 1969 duliae,
668 1915 727 1953 non
747 1896 833 1953 nimis
846 1896 915 1955 libe-
931 1898 962 1949 15

131 1993 191 2051 rale
215 1994 370 2069 hospitium
396 2013 492 2052 meum
519 1994 615 2051 dices:
643 2013 709 2051 nam
729 2004 758 2050 te
779 1994 808 2050 in
829 1993 914 2065 viam,

131 2090 216 2147 simul
248 2110 283 2147 ao
314 2091 511 2167 perpaululum
545 2090 678 2167 gustdris,
706 2090 853 2147 extrudam
886 2100 916 2147 et

131 2187 254 2263 ejiciam.

170 2284 226 2354 Ao,
254 2302 292 2339 ne
317 2284 424 2341 diutius
449 2302 500 2340 voa
521 2283 667 2353 demorer,
692 2283 728 2339 de
754 2282 836 2340 omni·
860 2282 914 2339 isto

131 2396 238 2453 genere
256 2379 325 2453 quid
345 2380 475 2450 sentiam,
488 2380 662 2455 perbreviter
680 2399 829 2455 exponam.
870 2379 914 2437 De
931 2388 962 2435 20

132 2474 191 2531 risu
212 2474 336 2549 quinque
356 2486 431 2545 sunt,
452 2495 514 2549 quae
536 2486 711 2549 quaerantur3
734 2495 832 2546 unum,
847 2475 915 2549 quid

132 2570 186 2626 sit:
208 2570 337 2641 alterum,
359 2572 435 2627 unde
456 2571 508 2627 sit:
537 2571 662 2641 tertium,
684 2572 757 2629 sitne
784 2572 913 2641 oratoris

132 2665 204 2723 velle
225 2666 313 2722 risum
333 2685 463 2723 movere:
491 2678 632 2742 quartum,
657 2668 812 2741 qudtenus:
834 2668 915 2741 quin·

130 2774 202 2833 tum,
231 2781 293 2837 quae
320 2762 377 2819 sint
402 2782 509 2839 genera
540 2764 661 2826 ridiculi.
715 2764 810 2837 Atque
844 2763 913 2821 illud

129 2860 264 2937 primum,
279 2858 347 2932 quid
367 2858 405 2915 sit
425 2859 484 2933 ipse
504 2859 587 2926 risus,
608 2879 665 2934 quo
684 2869 768 2933 paeto
789 2860 961 2916 ooneite'ffi

130 2966 187 3027 tur,
203 2954 252 3012 ubi
273 2954 319 3025 sit,
334 2955 476 3027 quomodo
494 2955 623 3023 exsistat,
639 2964 722 3037 atque
743 2954 783 3011 ita
799 2965 914 3029 repente

130 3062 269 3128 erumpat,
284 3061 316 3109 ut
328 3070 394 3107 eum
409 3052 558 3128 cupientes
572 3061 669 3109 tenere
687 3069 871 3126 nequeamus,
885 3060 914 3107 et
