2109 3417
113 349 205 409 nnn]
393 344 437 393 nu
458 342 621 391 unsruns.
887 326 943 389 12⁵

113 494 328 573 quemlenitert
350 512 434 570 qusm
444 493 579 551 remisse!
599 507 752 567 qusurnon
764 487 896 547 aetuoso!

15 625 17 630 ·
115 591 203 650 instat
215 592 293 649 enim

232 745 248 771 “
256 740 280 789 Ο
290 743 372 805 puter!
390 738 494 803 oputris
502 741 515 786 t·
524 754 540 787 0
551 736 642 786 Priami
653 736 741 784 domus
750 738 755 783 !
765 735 779 756 '’

14 934 16 968 ἶ
115 882 146 940 in
172 899 229 956 quo
254 890 335 938 tsnts
359 878 533 937 commoveri
561 878 637 935 actio
662 896 721 935 non
745 885 850 952 posset,
874 873 897 933 si

114 988 189 1035 esset
221 986 372 1035 eonsumts
403 976 551 1051 superiore
583 984 662 1032 motu
693 984 723 1030 et
754 956 929 1030 exhausts'5

113 1073 219 1149 Neque
246 1073 273 1130 id
302 1083 413 1130 setores
445 1072 524 1148 prius
558 1071 699 1141 viderunt,
727 1086 810 1144 quum
846 1068 899 1144 ipsi

112 1175 217 1247 poetis,
243 1188 329 1245 quem
355 1169 479 1242 denique
505 1168 547 1225 illi
574 1167 669 1238 etism,
694 1166 743 1240 qui
770 1165 901 1223 seosrunt

113 1267 225 1337 modos,
253 1285 271 1325 u
296 1265 399 1341 quibus
425 1264 553 1338 utrisque
581 1262 756 1320 submittitur
783 1262 899 1337 aliquid,

114 1363 219 1420 deinde
247 1371 378 1439 augetur,
404 1369 584 1429 extenuatur,
614 1358 738 1429 inflatur,
766 1358 898 1430 variatur,

114 1458 307 1536 distinguitur.
915 1461 946 1511 10

154 1553 200 1611 Its
221 1554 258 1611 sit
279 1552 363 1611 nobis
384 1552 471 1629 igitur
492 1561 609 1609 ornatus
630 1560 659 1607 et
681 1549 775 1606 suavis
796 1560 899 1621 orator,

117 1649 186 1727 (neo
211 1660 307 1708 tumen
333 1658 427 1725 potest
456 1648 537 1705 aliter
571 1649 646 1725 esse)
675 1656 707 1703 ut
733 1645 899 1703 suavitatem

115 1747 220 1804 habent
240 1757 380 1804 annornm
400 1755 429 1803 et
449 1744 580 1815 solidum,
602 1762 659 1801 non
681 1742 794 1799 dulcem
817 1752 901 1815 atque

116 1843 283 1900 decoctum:
303 1861 370 1900 nam
385 1842 446 1918 ipss
460 1842 495 1897 sd
508 1840 668 1897 ornandum
681 1846 825 1915 precepta
839 1856 901 1913 quse
939 1850 941 1857 “

115 1939 230 2010 duntur,
244 1938 385 2014 ejusmodi
405 1948 481 2008 sunt,
495 1947 528 1993 ut
547 1955 592 2007 es,
609 1936 737 2010 quemvis
756 1930 948 1991 vitiosius-1⁵

114 2055 180 2095 mus
203 2044 308 2106 orator,
332 2035 476 2111 explicare
498 2032 597 2109 possit.
647 2031 758 2103 Quare,
780 2041 812 2087 ut
836 2040 902 2089 sute

114 2131 184 2204 dixi,
198 2131 322 2207 primurn
342 2130 414 2188 silus
432 2148 527 2188 rerum
546 2148 580 2186 se
600 2128 804 2186 sententiarum
825 2146 903 2184 corn·

114 2228 242 2304 prrsnds
261 2237 320 2298 est„
332 2228 390 2301 qud
410 2226 447 2283 de
466 2236 546 2301 parte
566 2225 637 2282 dixit
657 2224 819 2281 Antonius:
840 2224 903 2282 hseu

116 2324 266 2381 sormsnds
278 2323 327 2380 filu
341 2323 402 2399 ipso
416 2332 445 2379 et
458 2341 565 2399 genere
581 2320 729 2393 orationis,
744 2320 904 2379 iltuminan-
944 2338 947 2345 ’

116 2418 153 2476 ds
166 2419 270 2489 verbis,
285 2418 421 2477 rsrianda
433 2418 592 2475 sententiis.
918 2422 949 2472 2⁰

156 2514 275 2570 Summa
289 2523 383 2571 sutem
396 2514 460 2571 laus
473 2512 644 2587 eloquentis
663 2521 715 2584 est,
731 2512 904 2587 amplifiosrs

115 2628 177 2667 rem
197 2609 336 2680 ornando,
354 2609 430 2684 quod
449 2609 533 2679 volet,
552 2628 610 2665 non
631 2608 723 2667 solum
745 2609 780 2665 sd
800 2628 905 2685 stigen-

116 2706 186 2763 dum
210 2704 317 2780 aliquid
340 2714 370 2763 et
392 2704 549 2762 tollendum
578 2706 670 2775 altius,
695 2704 829 2777 dicendo,
854 2704 904 2763 ssd

116 2802 205 2862 etism
219 2801 255 2860 sd
268 2802 481 2859 extenuandum
496 2812 580 2878 utque
595 2800 796 2879 abjiciendum.

155 2995 285 3056 XXVII.
316 2995 350 3053 Id
371 2995 549 3053 desideratur
570 2994 704 3053 omnibus
723 2993 759 3051 iis
773 2994 802 3051 in
820 2992 903 3065 lueis,
917 3002 950 3054 25

118 3112 188 3171 quos
202 3092 237 3153 sd
250 3093 337 3152 fidem
348 3091 487 3151 orationis
507 3091 669 3151 {uniendum
690 3089 819 3149 adhiberi
833 3087 905 3147 dixit

290 3271 294 3280 Ι
355 3189 419 3251 11·
