2109 3417
134 199 203 261 aa]
416 204 459 253 oa
481 204 647 251 cursous
929 192 970 253 8⁷

135 350 314 425 Academia,
336 354 478 413 adversari
498 372 610 431 semper
629 354 764 411 omnibus
780 353 811 415 iu
827 353 924 429 dispu

135 450 240 521 tando;
262 451 312 507 sed
333 469 399 507 curn
414 451 538 509 maxime
551 462 647 509 tamen
661 451 718 509 boc
730 450 923 527 significabst,

136 562 196 618 eos,
216 545 266 621 qui
286 548 414 615 rhetores
437 548 663 619 nominarentur,
684 561 713 604 et
734 548 783 623 qui
806 547 922 605 dicendi

136 653 279 718 precepta
305 644 460 715 traderent,
486 644 560 701 nihil
586 644 671 719 plane
697 652 806 713 tenere,
829 662 923 719 neque

136 756 220 813 posse
234 758 403 815 quemquam
418 741 585 799 facultatem
600 740 712 814 assequi
726 740 852 812 dicendi,
866 739 954 803 nisis

137 834 185 910 qui
197 835 433 912 philosophorum
448 837 565 896 inventa
578 837 734 896 didicisset.

175 1029 260 1087 XIX.
295 1030 489 1107 Disputabant
516 1041 617 1089 contra
649 1031 748 1089 diserti
780 1030 924 1102 homines,

34 1149 35 1153 ¹
138 1126 341 1197 Athenienses,
362 1138 391 1185 et
411 1128 440 1185 in
461 1127 609 1201 republicis
636 1128 789 1201 crusisque
808 1127 923 1198 versati,

139 1222 169 1280 in
195 1222 258 1298 quis
285 1234 346 1282 erat
369 1225 455 1281 etiem
480 1224 513 1295 is,
538 1224 588 1298 qui
614 1243 705 1299 nuper
730 1224 835 1281 Romae
859 1224 922 1296 suit,

138 1318 337 1391 Menedemus,
353 1320 456 1395 hospes
470 1339 566 1391 meus;
588 1319 720 1395 quicum
737 1320 847 1379 diceret
859 1338 923 1379 esse
938 1325 969 1375 1⁰

138 1416 280 1490 quandam
300 1417 490 1491 prudentiam,
507 1436 571 1493 que
591 1428 749 1476 versaretur
771 1417 801 1475 in
816 1416 924 1493 perspi·

138 1504 249 1570 ciendis
278 1513 436 1571 rationibus
469 1513 735 1571 constituendarum
765 1524 795 1571 et
823 1532 924 1590 regen·

138 1609 237 1666 darum
272 1626 367 1666 rerum
399 1609 591 1684 publicarum,
612 1608 803 1666 „excitabatur
837 1610 924 1667 homo

137 1716 284 1781 promptus
314 1705 349 1761 ab
380 1704 497 1762 homine
533 1703 691 1761 abundanti
724 1703 867 1775 doctrinti,
893 1712 924 1761 et

137 1801 259 1877 quadam
294 1801 455 1860 incredibili
483 1800 620 1858 varietate
651 1818 747 1857 rerum
773 1810 803 1857 et
828 1799 970 1876 copib.15

137 1896 247 1955 Omnes
261 1897 337 1955 enim
350 1908 445 1974 partes
460 1897 537 1955 illius
551 1896 641 1972 ipsius
653 1896 813 1972 prudentiae
825 1907 924 1972 peten-

137 1995 187 2051 das
207 2012 270 2051 esse
292 1977 506 2069 aplrilosophiis
535 1993 660 2063 dicebat,
680 2011 774 2067 neque
794 2012 838 2064 ea,
859 2011 923 2068 quar

137 2099 327 2149 statuerentur
349 2090 378 2146 in
398 2088 548 2165 republicis
569 2089 604 2146 de
625 2089 690 2147 Diis
704 2089 923 2162 immortalibus,

137 2187 172 2243 de
187 2185 340 2261 disciplina
357 2186 525 2262 juventutis,
540 2186 577 2243 de
587 2185 708 2261 justitiis,
723 2186 760 2243 de
772 2185 922 2261 patientiis,

137 2283 173 2339 de
187 2282 386 2358 temperantib,
401 2282 437 2339 de
451 2284 537 2339 modo
553 2300 648 2339 rerum
662 2282 801 2350 omnium,
814 2292 924 2340 cetera·
937 2289 970 2340 tt

138 2398 202 2454 que,
227 2379 290 2437 sine
316 2378 419 2455 quibus
446 2378 577 2437 civitates
604 2389 653 2437 sut
678 2397 752 2449 esse,
775 2386 824 2435 sut
849 2377 925 2435 bene

137 2486 254 2535 morata
280 2495 343 2533 esse
372 2495 431 2533 non
464 2485 592 2551 possent,
619 2494 740 2551 usquam
767 2474 796 2533 iu
823 2492 924 2533 eorum

133 2571 261 2631 inveniri
283 2572 397 2631 libellis.
451 2572 542 2634 Quod
565 2572 591 2629 si
613 2581 723 2629 tantam
746 2570 804 2629 rim
828 2589 924 2629 rerum

135 2668 325 2727 maximarum
347 2680 406 2727 arte
427 2669 479 2727 suit
495 2667 632 2725 rhetorici
646 2667 688 2728 illi
701 2667 835 2725 doctores
848 2685 925 2725 oom-

136 2765 347 2842 plccterentur:
381 2766 536 2840 quaerebat,
565 2784 617 2822 cur
645 2764 681 2821 de
713 2762 867 2839 prooemiis,
894 2771 924 2818 ot
937 2768 972 2818 25

137 2864 173 2922 de
193 2862 322 2941 epilogis,
343 2873 372 2920 et
395 2862 431 2926 de
458 2860 622 2938 hujusmodi
649 2860 735 2937 nugis
762 2858 821 2934 (sic
845 2855 924 2913 enim
