2109 3417
115 282 171 343 188
361 271 364 278 ’
434 295 477 344 ne
499 258 664 343 oniromr.
864 293 945 355 [nu.

198 441 295 501 XVII.
326 442 404 502 Tum
424 443 562 501 Catulus:
584 443 726 501 Praeclare
743 442 814 499 mihi
829 442 944 514 videris,

159 538 279 610 Antoni,
292 539 422 614 posuisse
444 551 509 597 ante
529 540 639 610 oculos,
654 539 721 614 quid
736 539 849 595 discere
863 557 946 613 opor·

158 645 231 691 teret
251 655 327 706 eum,
341 636 390 711 qui
404 647 499 692 orator
513 646 588 692 esset
609 631 720 692 futurus
730 626 826 709 ;'quid
846 634 944 706 etiarn,

158 729 182 786 si
203 747 261 786 non
282 730 438 802 didicisset,
459 749 494 788 ex
520 747 556 788 eo
584 730 659 804 quod
686 729 844 800 didicisset,
867 747 945 786 assa·

127 836 252 884 tmere:
277 827 418 884 deduxisti
445 827 522 884 enim
550 836 642 883 totum
666 825 814 886 hominem
835 825 864 881 in
886 825 943 881 duo

153 917 255 1000 solum¹
278 940 384 998 genera
409 941 577 992 causarum
605 929 702 979 cetera
725 914 944 978 innumerabilia

159 1002 357 1074 exercitationi
377 1028 406 1074 et
426 1017 605 1074 similitudini
628 1001 779 1092 reliquisti.¹
826 1016 884 1074 Sed
905 1016 944 1073 ri·

159 1114 234 1183 dcto,
249 1131 285 1169 ne
300 1113 405 1170 inistis
425 1114 537 1170 duobus
557 1113 710 1190 generibus
726 1113 817 1188 hydra
829 1113 881 1169 tibi
896 1113 942 1184 sit,

158 1218 187 1264 ct
199 1208 298 1287 pellis;
320 1206 462 1266 Hercules
483 1219 588 1278 autem,
603 1219 631 1266 et
646 1209 702 1278 alia
720 1227 807 1284 opera
827 1208 942 1284 majora,

112 1315 144 1365 1⁰
159 1322 205 1374 ne,
219 1303 248 1360 in
263 1304 319 1360 illis
333 1305 418 1361 rebus
431 1323 502 1379 quas
521 1305 723 1381 praetermittis,
738 1304 941 1379 relinquantur.

158 1397 226 1456 Non
253 1400 329 1456 enim
357 1400 428 1457 milti
451 1399 546 1456 minus
569 1400 663 1476 operis
686 1400 797 1458 videtur
821 1398 857 1456 de
881 1398 944 1456 uui·

159 1495 247 1551 versis
273 1496 426 1572 generibus
459 1513 564 1567 rerum,
592 1515 676 1570 quam
703 1496 739 1552 d'e
766 1495 942 1571 singulorum

159 1591 263 1662 causis,
280 1609 314 1648 ac
327 1591 419 1648 multo
432 1590 625 1667 etiammajus
639 1591 675 1646 de
688 1590 790 1648 naturai
804 1589 942 1661 Deorum,

159 1705 243 1760 quarn
263 1687 300 1742 de
320 1687 466 1744 hominum
484 1686 593 1758 litibus,
608 1686 713 1744 dicere.
753 1685 822 1743 Non
836 1695 879 1742 est
893 1685 942 1757 ita,

113 1793 144 1845 15
160 1781 252 1856 inquit
272 1783 432 1840 Antonius:
453 1782 548 1840 dicam
569 1781 646 1856 euim
666 1781 729 1852 tibi,
751 1781 863 1852 Catule,
883 1799 943 1838 nou

160 1889 216 1934 tam
238 1878 350 1949 doctus,
365 1897 448 1953 quam
464 1877 508 1955 (id
521 1877 596 1953 quod
616 1887 660 1935 est
680 1877 785 1955 majus)
801 1887 943 1951 expertus.

158 1973 297 2030 Omnium
317 1984 477 2030 ceterarum
503 1991 599 2032 rerum
626 1973 728 2044 oratio,
749 1973 820 2030 rnihi
846 1972 943 2044 crede,

158 2068 244 2126 ludus
256 2079 301 2125 est
314 2069 421 2127 homini
440 2087 498 2128 uon
518 2070 624 2142 hebeti,
638 2087 731 2146 neque
745 2068 943 2140 inexercitato,
967 2051 975 2062 i

159 2182 252 2238 neque
279 2162 473 2222 communium
501 2165 646 2224 literarum
674 2176 703 2223 et
728 2164 869 2242 politioris
894 2164 946 2222 hu-

112 2266 144 2317 m
160 2260 305 2318 munitatis
323 2262 449 2337 experti:
477 2262 506 2320 in
532 2281 682 2320 causarum
709 2261 945 2320 contentionibus

159 2375 293 2433 magnum
308 2367 352 2415 est
364 2358 505 2434 quoddam
518 2376 599 2434 opus,
615 2369 698 2433 atque
712 2358 786 2416 haud
802 2358 890 2418 sciam
907 2377 944 2416 an

160 2453 197 2509 de
211 2453 342 2511 humanis
355 2453 487 2529 operibus
502 2454 589 2531 louge
603 2454 774 2523 maximum
796 2455 825 2511 in
840 2454 946 2529 quibus

159 2548 202 2606 vis
227 2549 348 2606 oratoris
379 2550 546 2625 plerumque
574 2549 609 2607 ab
638 2549 777 2625 imperitis
809 2550 887 2607 exitu
914 2559 945 2608 et

159 2644 280 2702 victorii
297 2645 458 2721 judicatum
486 2645 536 2702 ubi
557 2646 637 2702 adest
664 2656 788 2702 armatus
815 2645 946 2704 adversa·

112 2739 301 2826 atrius„qui
325 2741 362 2798 sit
387 2754 423 2816 et·
444 2741 589 2799 feriendus
612 2751 641 2798 et
664 2738 861 2817 repellendus:
892 2741 944 2799 ubi

159 2855 234 2912 stepo
261 2837 295 2908 is,
318 2837 368 2912 qui
394 2838 436 2895 rei
462 2836 595 2896 dominus
620 2836 731 2895 futurus
755 2847 807 2909 est,
833 2837 945 2894 alienus

161 2928 250 3010 atque
272 2934 370 3007 iratus,
391 2928 446 2993 ¹aut
471 2933 558 2992 etium
590 2933 701 2994 amicus
727 2931 887 2992 adversario
913 2943 946 2991 et
