2109 3417
115 262 162 342 92
436 272 479 321 ns
503 271 667 322 oearons.
878 275 948 336 [nr.

161 422 284 482 dicebat.
325 424 463 500 Idemque
473 425 605 482 Servium
615 425 748 498 Galbam,
760 440 844 500 quem
858 424 950 482 homi·

160 539 227 577 nem
247 522 337 596 probe
356 523 587 580 commeminisse
606 541 636 580 se
656 523 759 594 aiebat,
774 521 950 599 pergraviter

162 618 372 690 reprehendere
403 618 521 688 solebat,
556 617 631 692 quod
665 617 699 689 is,
727 619 760 676 L
795 617 950 675 Scribonio

161 713 347 786 quaestionem
376 714 405 770 iu
429 733 495 771 eum
510 714 641 786 terente,
661 714 760 790 populi
787 714 950 772 misericor·

132 808 238 865 fidiam
262 809 446 881 concitasset,
467 827 533 868 cum
562 809 602 867 M.
625 811 707 880 Cato,
728 811 827 868 Galboe
854 810 949 887 gravis

164 915 247 980 atque
269 924 334 963 acer
354 906 499 976 inimicus,
517 925 615 981 aspere
636 906 708 981 apud
730 907 867 982 populum
887 905 950 962 Ro-

164 1017 279 1058 manum
313 1012 342 1058 et
374 1003 556 1060 vehementer
590 1012 665 1059 esset
697 1002 827 1060 locutus:
862 1019 949 1076 quem

164 1097 321 1155 orationem
355 1097 385 1154 in
419 1098 595 1184 Originibus
621 1099 680 1156 suis
713 1098 843 1173 exposuit
876 1098 948 1173 ipse.

164 1192 406 1268 Reprehendebat
426 1194 513 1270 igitur
533 1194 655 1251 Galbam
677 1193 814 1265 Rutilius,
829 1193 905 1268 quod
922 1193 948 1252 is

117 1296 149 1348 lo
164 1289 198 1346 C.
224 1289 346 1364 Sulpicii
372 1289 458 1360 Galli,
485 1289 637 1364 propinqui
664 1289 718 1360 stri,
744 1289 784 1350 Q·
808 1288 947 1365 pupillum

163 1385 252 1442 lilium
273 1385 334 1460 ipse
353 1405 435 1461 paene
449 1385 478 1442 iu
493 1386 627 1442 humeros
647 1403 714 1443 suos
727 1385 882 1456 extulisset,
897 1385 947 1460 qui

162 1481 251 1556 petris
266 1481 416 1539 clarissimi
437 1481 635 1539 recordatione
649 1491 678 1538 et
691 1481 827 1539 memorie
848 1480 946 1539 fletum

162 1578 267 1653 populo
281 1588 416 1648 moveret,
431 1588 460 1634 et
473 1579 546 1635 duos
560 1579 634 1635 lilios
648 1597 714 1636 suos
733 1596 834 1653 parvos
849 1577 949 1636 tutele

162 1675 260 1750 populi
287 1675 526 1745 commendasset,
549 1693 583 1731 ao
603 1693 633 1732 se
654 1675 801 1750 (tanquam
829 1674 857 1732 in
884 1693 948 1751 pro-

118 1771 261 1828 recincta
287 1781 490 1828 testamentum
520 1771 637 1840 faceret,
664 1771 725 1828 sine
754 1771 827 1828 libre
862 1780 947 1845 atque

161 1865 280 1943 tabulis)
302 1867 437 1941 populum
459 1867 625 1922 Romanum
649 1876 772 1922 tutorem
799 1863 947 1924 instituere

162 1961 282 2018 dixisset
296 1961 407 2019 illorum
429 1962 553 2018 orbitati.
595 1961 695 2036 Itaque
716 1979 781 2018 cum
795 1971 824 2018 et
838 1961 946 2020 invidie

161 2067 192 2113 et
206 2057 273 2112 odio
286 2057 383 2132 populi
396 2067 456 2113 turn
471 2057 564 2113 Galba
577 2067 763 2131 premeretur,
775 2057 819 2114 his
833 2075 946 2132 quoque

161 2171 228 2209 eum
256 2151 401 2228 tragoediis
432 2151 584 2209 liberatum
615 2153 740 2223 ferebam
774 2154 850 2229 quod
878 2153 946 2212 item
1050 2185 1051 2190 κ

115 2257 149 2307 2⁰
164 2247 238 2322 apud
259 2246 400 2304 Catonem
421 2248 558 2322 scriptum
579 2267 641 2306 esse
662 2249 754 2320 video,
775 2249 830 2306 nisi
851 2249 947 2326 pueris

163 2353 191 2400 et
215 2342 351 2418 'lacrymis
376 2362 445 2401 usus
470 2353 556 2417 esset,
584 2363 682 2420 poenas
715 2359 781 2402 eum
814 2346 945 2404 daturum
1050 2391 1051 2396 κ

161 2438 258 2496 fuisse.
313 2438 386 2498 Haec
413 2439 543 2496 Rutilius
576 2440 657 2498 valde
690 2440 883 2516 vituperabat;
917 2451 947 2499 et

162 2535 231 2592 huic
251 2535 415 2607 humilitati,
431 2536 555 2608 dicebat,
574 2535 617 2592 vel
633 2535 768 2594 exsilium
790 2535 887 2609 luisse,
902 2538 946 2596 vel

162 2643 281 2688 mortem
303 2631 540 2706 anteponendam.
582 2630 686 2706 Neque
700 2651 766 2690 vero
782 2633 837 2690 hoc
854 2634 945 2691 solum

112 2726 242 2797 osuini,
265 2727 315 2784 sed
341 2727 404 2802 ipse
428 2737 456 2784 et
480 2727 579 2798 sensit,
603 2738 633 2785 et
659 2728 744 2786 fecit:
776 2747 854 2801 narn,
879 2747 944 2786 cum

159 2833 236 2881 esset
259 2823 308 2880 ille
331 2822 373 2880 vir
396 2822 621 2900 exemplemur
644 2823 734 2896 scitis,
755 2824 943 2894 innocentiam

160 2937 284 2994 cumque
317 2919 367 2977 illo
398 2938 485 2977 nemo
516 2911 610 2995 neque
644 2919 781 2998 integrior
814 2931 888 2978 esset
914 2920 945 2981 in

160 3015 277 3076 civitate
289 3034 383 3092 neque
400 3016 536 3091 sanmior,
549 3035 609 3076 non
629 3017 716 3076 modo
736 3016 852 3094 supplex
869 3015 947 3095 judi·
