2109 3417
106 263 146 327 20
427 280 470 331 nn
493 280 655 329 onarons.
854 281 929 341 [un.

150 428 229 488 utilis
246 448 340 506 jocus,
354 440 383 488 et
402 431 529 502 facerim
552 450 625 507 quae,
639 430 751 489 etiarnsi
769 428 825 487 alia
838 428 930 487 omnia

150 527 224 583 tradi
246 537 305 584 arte
328 538 456 603 possunt,
477 539 585 586 naturae
613 538 679 585 sunt
705 527 819 603 propria
845 537 929 598 certe,

150 640 244 696 neque
264 623 350 681 ullam
371 634 460 681 artem
485 625 654 682 desiderant.
710 624 745 681 In
772 622 876 697 quibus
900 633 930 679 tu

149 717 235 794 longe
257 720 328 789 aliis,
349 721 413 776 meti
433 720 584 791 sententiat,
599 720 706 791 Caesar,
721 719 854 776 excellis:
876 736 930 793 que

119 816 241 890 omagis
260 816 332 872 milri
351 816 437 873 etiam
457 817 538 873 testis
559 836 621 873 esse
644 826 735 892 potes,
757 825 805 872 aut
824 814 929 873 nullam

149 930 212 967 esse
233 922 321 969 artem
342 914 424 983 salis3
453 925 510 985 aut,
532 914 556 970 si
576 932 632 988 que
658 923 710 984 est,
731 928 794 969 eam
821 930 874 968 nos
900 921 930 969 tu

78 1008 107 1063 V
148 1009 326 1083 potissimum
347 1010 472 1067 docebis.
522 1010 586 1087 Ego
606 1028 683 1081 vero,
705 1008 797 1083 inquit
824 1008 929 1079 Caesar,

148 1106 226 1162 omni
247 1106 283 1163 de
303 1124 334 1163 re
354 1107 474 1163 facetius
493 1118 564 1183 puto
582 1126 665 1183 posse
687 1107 721 1163 ab
742 1105 857 1162 homine
872 1123 930 1161 non

150 1202 298 1273 inurbane,
312 1221 396 1277 quam
417 1203 453 1258 de
474 1204 541 1278 ipsis
555 1203 675 1274 facetiis,
690 1202 834 1277 disputari.
876 1200 931 1258 Ita-

104 1308 134 1356 10
148 1316 212 1372 que,
228 1316 294 1354 cum
309 1298 443 1372 quosdam
464 1299 582 1356 Graecos
602 1298 753 1373 inscriptos
766 1297 854 1353 libros
868 1314 930 1355 esse

148 1393 281 1450 vidissem
302 1394 339 1451 de
358 1394 498 1465 ridiculis,
512 1395 678 1451 nonnullam
700 1394 730 1450 in
750 1410 827 1467 spem
849 1410 932 1449 vene

148 1508 218 1560 ram,
233 1480 317 1565 posse
335 1508 382 1546 me
403 1490 508 1565 aliquid
529 1490 647 1547 existis
669 1489 788 1547 discere.
829 1488 931 1546 Inveni

149 1594 243 1641 autem
264 1584 386 1642 ridicula
405 1594 434 1641 et
454 1585 528 1641 salsa
549 1584 637 1641 multa
657 1584 839 1653 Graeeorum3
864 1602 930 1641 num

147 1690 176 1737 et
190 1682 282 1738 Siculi
297 1682 326 1738 in
340 1700 376 1739 eo
389 1700 503 1757 genere,
518 1680 687 1751 ethhodii,
701 1690 729 1737 et
743 1680 887 1755 Byzantii,
902 1690 933 1737 et

103 1793 133 1842 15
147 1787 249 1853 praeter
269 1788 388 1849 ceteros,
410 1777 512 1849 Attici,
533 1776 694 1833 excellunt:
716 1777 775 1847 sed,
799 1776 847 1850 qui
869 1776 933 1851 ejus
1037 1753 1040 1778 ἶ

147 1874 189 1930 rei
216 1874 355 1931 rationem
382 1874 523 1949 quandam
557 1873 654 1930 conati
688 1883 753 1931 suut
786 1882 933 1947 artemque

147 1970 269 2042 tradere,
296 1970 340 2027 sic
366 1970 467 2027 insulsi
493 1969 671 2041 exstiterunt,
698 1981 729 2027 ut
755 1969 825 2029 nihil
855 1968 934 2026 aliud

146 2084 256 2136 eorum,
283 2067 339 2123 nisi
366 2066 428 2142 ipsa
460 2067 615 2137 insulsitas,
642 2066 776 2125 rideatur.
829 2066 936 2127 Quare

146 2161 216 2218 mihi
237 2164 316 2220 nullo
336 2162 448 2220 videtur
468 2164 556 2219 modo
575 2162 707 2219 doctrinis
722 2162 776 2219 ista
789 2180 834 2219 rer
846 2180 935 2238 posse

100 2272 132 2322 ω
146 2259 228 2316 tradi.
269 2259 383 2317 Etenim
405 2278 471 2316 cum
493 2259 552 2317 duo
565 2278 670 2336 genera
684 2259 740 2317 sint
754 2258 934 2331 facetiarum,

147 2355 266 2412 alterum
293 2356 469 2431 [aequabiliter
495 2356 526 2413 in
554 2356 632 2413 omni
662 2374 792 2413 sermone
826 2357 934 2426 disum,

147 2451 266 2508 alterum
292 2462 461 2528 peracutum
487 2462 517 2509 et
546 2453 646 2523 breve3
674 2453 723 2511 illa
747 2472 764 2509 a
788 2452 936 2509 veteribus

146 2548 274 2622 superior
298 2548 452 2621 cavillatio,
474 2549 537 2607 haee
562 2550 649 2607 alteru
672 2549 820 2619 dicacitas,
842 2548 937 2607 nomi·

145 2654 213 2701 nata
226 2654 277 2703 est.
309 2645 385 2703 Leve
399 2663 505 2702 nomen
517 2646 603 2703 habet
613 2656 732 2721 utraque
743 2664 804 2715 res;
827 2646 936 2720 quippe

100 2758 132 2807 25
145 2742 208 2799 leve
221 2743 298 2800 enim
312 2754 354 2801 est
367 2753 458 2801 totum
473 2744 537 2815 hoc,
549 2743 637 2801 risum
648 2762 770 2801 movere.
811 2744 938 2799 Verum·

145 2847 241 2896 tamen
269 2838 315 2916 (ut
348 2840 431 2912 dicis,
459 2839 584 2919 Antoni)
618 2840 738 2897 multum
772 2841 801 2897 in
837 2840 938 2896 causis

145 2953 272 3012 persepe
297 2935 394 3013 lepore
420 2948 450 2993 et
475 2936 587 2994 facetiis
613 2936 714 3012 profici
740 2936 807 2993 vidi.
862 2934 939 3008 Sed,

148 3048 215 3089 cum
228 3031 259 3089 in
272 3031 323 3091 illo
343 3051 449 3111 genere
467 3040 612 3110 perpetue
633 3032 794 3092 festivitatis
814 3050 860 3089 ars
872 3049 941 3089 non
