2109 3417
102 287 201 347 'ulti
401 290 446 338 rur
467 291 632 338 onerosa.
712 307 715 316 ·
895 279 952 340 138

117 435 276 512 impolitus,
297 457 436 517 magnam*
449 440 643 516 eloquentiam
665 439 699 498 ad
723 438 906 496 scribendum

120 534 225 606 attulit,
240 535 291 592 sed
305 537 413 594 nullum
427 557 510 594 usum
525 537 677 594 sorensem.
753 541 755 549 ’
804 535 805 538 ’

161 629 234 688 Haeo
267 651 334 689 oum
367 633 416 690 ille
448 633 575 704 dixisset,
602 632 684 694 Quid
716 641 769 703 est,
803 630 905 706 inquit,

120 725 235 798 Catule,
252 728 368 786 Caesarl
389 728 439 787 ubi
459 740 535 802 suut,
556 729 604 805 qui
624 729 784 787 Antonium
804 729 906 785 Craeoe

120 834 228 898 negant
248 824 342 881 soirel
364 834 433 898 quot
453 824 605 881 historicos
625 824 798 882 nominavitl
821 831 936 897 quatuo

120 918 263 975 scienter!
297 938 382 994 quam
409 921 523 996 proprie
551 920 586 976 de
615 937 785 994 unoquoque
817 919 903 976 dixit!

119 1013 166 1085 Id,
188 1014 362 1086 mehercule,
389 1016 481 1090 inquit
507 1016 629 1073 Catulus
656 1016 808 1086 admirans,
835 1014 906 1071 illud

117 1109 178 1186 jam
198 1111 425 1183 miraridesiao,
440 1113 516 1186 quod
533 1111 623 1168 multo
637 1111 730 1188 magis
743 1122 807 1168 aute
824 1111 906 1168 mira·

121 1208 183 1277 bar,
199 1207 286 1278 buno,
305 1227 372 1266 oum
391 1207 454 1265 haeo
473 1208 607 1278 nesciret,
629 1207 658 1264 iu
680 1208 802 1265 dicendo
821 1225 905 1283 posse

120 1312 242 1360 tantum.
296 1303 395 1378 Atqui,
416 1303 529 1375 Catule,
551 1303 642 1378 inquit
669 1303 825 1374 Antonius,
845 1313 904 1359 non
921 1315 951 1363 10

121 1417 178 1475 ego
199 1399 349 1456 utilitatem
371 1390 492 1474 aliquam
514 1399 724 1458 addicendum
749 1411 905 1474 aucupans,

120 1497 225 1577 borum
245 1495 342 1567 libros,
357 1506 385 1552 et
399 1495 554 1554 nonnullos
564 1529 565 1532 =
575 1496 655 1566 alios,
670 1495 720 1552 sed
740 1495 905 1552 delectatio-

120 1591 168 1648 nis
188 1584 286 1662 orma,
307 1610 373 1652 oum
393 1602 437 1648 est
454 1591 556 1661 otium,
577 1591 673 1666 legere
695 1590 782 1647 soleo.
823 1590 906 1652 Quid

119 1707 191 1763 ergo
211 1688 273 1744 esti
302 1680 427 1745 fatebor:
455 1687 562 1761 aliquid
586 1696 698 1744 tamen:
727 1695 767 1755 ut,
789 1704 854 1743 oum
876 1685 905 1742 in

120 1784 183 1840 sole
205 1783 356 1854 ambulem,
377 1783 489 1842 etiamsi
510 1782 594 1840 aliam
616 1782 653 1838 ob
674 1800 789 1838 oausam
810 1781 906 1863 ambu-
921 1797 951 1844 15

120 1880 189 1950 lem,
214 1879 275 1936 fieri
298 1879 400 1936 naturai
423 1889 529 1952 tamen,
553 1889 584 1934 ut
607 1878 733 1948 oolorer;
764 1877 816 1948 sio,
840 1895 905 1934 oum

121 1975 193 2032 istos
213 1974 301 2032 libros
322 1974 357 2032 ad
377 1974 523 2033 Misenum
545 1974 624 2051 (nam
646 1973 748 2031 Rornae
763 1973 809 2030 vix
822 1973 904 2050 lieet)

120 2068 278 2128 studiosius
296 2069 425 2145 legerim,
440 2069 535 2126 sentio
554 2067 712 2128 orationem
732 2086 825 2124 meam
846 2067 906 2124 illo-

118 2184 185 2222 rum
206 2175 285 2224 taotu
304 2165 385 2241 quasi
405 2165 536 2222 oolorari.
592 2165 660 2236 Sed,
681 2183 718 2221 ue
737 2164 822 2224 latius
850 2165 905 2222 hoo
958 2206 959 2210 ,

121 2261 203 2318 vobis
221 2272 320 2336 patere
339 2261 477 2332 videatur,
499 2261 561 2318 baeo
581 2261 718 2330 duntaxat
739 2261 769 2318 in
795 2261 905 2318 Graeois
920 2265 951 2316 20

120 2358 262 2434 intelligo,
283 2377 345 2432 quae
366 2358 432 2434 ipsi,¹
450 2357 498 2432 qui
518 2357 703 2432 scripserunt,
718 2351 869 2414 voluerunt
890 2377 907 2416 a

113 2454 207 2530 ⁴vulgo
227 2451 366 2530 intelligi:
387 2454 417 2511 in
433 2453 618 2529 philosophos
631 2465 739 2510 vestros
753 2453 777 2510 si
792 2454 906 2528 quando

122 2549 223 2623 incidi,
245 2549 382 2624 deeeptus
405 2548 549 2606 indioibus
575 2548 723 2619 librorum,
743 2548 818 2623 quod
840 2559 906 2606 sunt

121 2645 183 2703 lere
209 2645 339 2720 inseripti
358 2645 394 2702 de
414 2646 499 2702 rebus
526 2645 601 2720 notis
627 2655 656 2702 et
682 2645 849 2716 illustribus,
871 2644 906 2704 de

121 2741 236 2812 virtute,
257 2741 293 2797 de
316 2741 438 2817 justitia,
459 2741 495 2798 de
515 2743 674 2812 honestate,
696 2741 732 2798 de
752 2741 905 2816 voluptate,
920 2751 952 2800 25

116 2838 240 2896 verbum
262 2856 378 2912 prorsus
401 2838 510 2895 nullum
535 2838 680 2913 intelligo:
712 2837 752 2894 ita
772 2848 838 2894 sunt
859 2857 921 2894 anm

119 2933 213 3011 gustis
231 2943 260 2992 et
279 2934 405 2992 eonoisis
425 2933 662 3009 disputationibus
676 2933 793 3010 illigatil
835 2933 907 2990 Poe-

120 3041 166 3090 tas
184 3029 319 3102 omniuo,
334 3029 416 3107 quasi
436 3029 493 3088 alia
514 3029 638 3105 quddam
661 3027 760 3107 lingui
782 3028 905 3098 locutos,

360 3125 396 3182 12
