2109 3417
85 320 178 385 arn]
248 352 250 365 ι
366 320 410 371 ua
431 317 592 371 carrona
856 306 913 368 ltt't

86 490 152 531 rum
171 480 282 530 mentes
302 471 338 531 ad
357 471 563 531 humanitatem
582 469 757 547 fingerentur
781 476 869 545 atque

86 567 230 640 virtutem,
251 585 337 627 omne
354 576 467 645 tempus
486 576 571 643 atque
590 574 688 623 etates
713 582 779 626 snas
799 582 868 623 cou-

86 673 257 723 sumserunt.

125 854 208 917 XVI.
231 853 307 932 'Sed
326 856 404 935 quod
423 867 505 917 erant
530 856 656 933 quidam,
676 855 754 933 iique
774 855 866 929 multi,

85 953 136 1029 qui
151 963 199 1011 aut
210 954 242 1011 'in
254 952 403 1030 republici
421 963 535 1030 propter
556 951 719 1028 ancipitem,
732 970 796 1027 quaa
809 968 867 1008 non
880 958 897 1005 5

84 1059 254 1126 potestesse
268 1050 408 1126 sejuncta,
423 1049 548 1107 faciendi
568 1048 738 1123 dicendique
758 1047 869 1124 eapien-

83 1145 164 1218 tiana,
183 1144 329 1217 florerent,
348 1154 380 1202 ut
399 1143 621 1215 Themistoclea,
635 1153 667 1202 ut
686 1142 823 1214 Pericles,
836 1153 869 1201 ut

82 1238 292 1311 Theramenes,
316 1249 373 1311 aut,
396 1240 444 1314 qui
470 1239 567 1297 minus
588 1239 643 1316 ipsi
666 1238 697 1297 in
719 1238 869 1315 republicd

83 1346 274 1407 versarentur,
289 1335 340 1392 sed
359 1334 443 1412 hujus
462 1345 558 1410 tamen
577 1336 704 1412 ejusdem
722 1334 868 1411 sapientie
904 1343 907 1349 '

83 1431 219 1488 doctores
255 1439 359 1501 essent,
392 1439 425 1488 ut
459 1430 590 1507 Gorgiae,
623 1430 867 1507 Thrasymachus,
882 1437 914 1486 10

83 1526 244 1596 Isocratem
272 1525 381 1582 inventi
400 1534 476 1598 sunt,
494 1525 556 1601 qui,
575 1544 643 1583 curu
663 1526 718 1603 ipsi
738 1525 869 1584 doctriua

82 1632 113 1681 et
134 1620 259 1699 ingeniis
279 1621 466 1694 abundarent,
488 1639 504 1679 a
524 1640 555 1679 re
582 1630 677 1681 autem
704 1620 783 1679 civili
803 1630 871 1679 eta

82 1717 219 1795 negotiis,
236 1715 339 1775 'animi
373 1716 494 1791 quodam
524 1716 646 1794 judicio,
674 1717 869 1790 abhorrerent,

83 1800 161 1872 harro
188 1812 304 1871 dicendi
327 1812 561 1871 exercitationem
583 1812 762 1891 exagitarent
785 1822 870 1889 atque

83 1918 318 1991 contemnerent3
346 1926 467 1983 quorum
489 1909 625 1986 princeps
647 1910 782 1969 Socrates
804 1909 915 1983 suit,15

83 2004 118 2077 is,
133 2004 192 2081 qui,
205 2004 334 2063 omnium
347 2000 524 2062 eruditorum
538 2005 714 2078 testimonio,¹
724 2005 869 2081 totiusque

79 2100 192 2178 judicio
211 2100 342 2172 Graeciae,
363 2120 430 2159 cum
450 2100 612 2178 prudentii,
633 2111 662 2160 et
682 2101 825 2175 acumine,
839 2112 869 2161 et

82 2208 240 2272 venustate,
267 2206 297 2256 et
323 2197 490 2270 subtilitate,
516 2208 577 2256 tum
603 2216 672 2257 vero
695 2186 881 2274 eloquentid,

81 2294 229 2368 uarietate,
256 2293 349 2375 cupid,
376 2312 461 2369 quarn
488 2312 520 2352 ee
546 2312 670 2369 cumque
684 2358 686 2362 ¹
702 2294 734 2352 iu
748 2305 869 2372 ‚partem
907 2365 910 2373 Ι

81 2386 368 2461 dedisset‘omuium
391 2389 446 2448 tuit
469 2388 555 2455 sacile
576 2376 717 2468 princeps.
767 2391 799 2450 Ia
821 2392 867 2467 iis,
881 2404 914 2456 aa

82 2482 133 2560 qui
157 2483 229 2557 hac,
252 2502 315 2560 qum
337 2503 391 2544 nos
413 2502 497 2545 nunc
515 2486 678 2563 querimus,
701 2497 868 2561 tractarent,

82 2587 212 2657 agerent,
238 2579 386 2653 docerent,
412 2598 478 2641 cum
510 2582 627 2641 nomine
661 2582 870 2660 appellarentur
898 2609 901 2613 “

81 2692 152 2748 uno,
180 2674 256 2750 qnod
283 2676 379 2735 omnis
402 2694 497 2736 rerum
526 2678 698 2755 optimarum
731 2681 870 2759 cognitio,

81 2781 168 2848 atque
182 2770 213 2829 iu
225 2770 262 2830 iis
274 2772 452 2847 exercitatio,
466 2774 647 2851 philosophia
663 2776 868 2851 nominaretur,

79 2869 139 2928 hoc
159 2885 313 2928 commune
332 2886 438 2945 nomen
458 2869 573 2946 eripuit,
586 2870 787 2948 sapienterque
806 2875 869 2930 sen
880 2883 913 2935 m

78 2962 182 3037 tieudi,
196 2973 226 3023 et
239 2965 338 3050 ornate
357 2964 475 3024 dicendi
495 2966 657 3040 scientiam,
670 2986 703 3027 re
722 2968 868 3027 coheren-

80 3068 135 3135 tes,
155 3056 396 3141 disputationibus
415 3060 476 3124 auis
495 3062 655 3145 separavit:
682 3063 768 3144 cujus
790 3062 873 3149 inge·¹
