2109 3417
120 273 178 336 112
438 282 482 330 on
505 281 668 329 onerosa.
867 279 949 342 [nu.

163 431 286 499 Crassus
305 449 363 489 non
382 439 441 488 tam
460 429 617 488 existimari
631 428 715 487 vellet
727 445 786 486 non
801 427 948 502 didicisse,

164 546 249 603 quarn
270 528 319 585 illa
339 527 495 603 despicere,
516 536 546 584 et
565 536 726 585 nostrorum
750 526 897 583 hominurn
917 525 948 583 iu
1036 557 1037 576 r

164 623 243 681 omni
263 642 369 700 genere
387 622 569 699 prudentiam
585 623 695 680 Graecis
710 622 865 680 anteferre:
887 622 948 679 An-

164 719 261 777 tonius
282 732 376 778 eutem
396 719 620 793 probabiliorem
638 718 694 775 hoc
717 716 822 793 populo
845 717 948 774 oratio-

131 825 231 874 5nem
255 816 316 874 lore
340 815 475 874 censebat
501 824 592 886 suam,
616 814 648 871 si·
667 814 785 871 omnino
812 809 948 870 didicisse

163 931 308 988 nunquam
321 922 484 987 putaretur:
507 921 591 986 atque
605 911 646 968 ita
659 929 689 968 se
703 921 822 992 uterque
838 909 948 986 gravio·
1039 923 1040 930 ’

163 1025 224 1066 rem
249 1008 319 1078 fore,
343 1007 368 1065 si
392 1007 461 1065 'alter
488 1007 683 1078 contemnere,
708 1005 777 1064 alter
802 1005 948 1066 cenasse

164 1104 278 1180 quidem
292 1103 409 1161 Graecos
423 1101 573 1161 videretur.

202 1200 335 1262 Quorum
355 1179 507 1256 consilium
527 1189 618 1274 quale
631 1198 724 1270 luerit,
738 1198 811 1256 nihil
828 1217 896 1257 sane
911 1184 947 1256 ad

118 1306 149 1356 10
164 1295 221 1352 hoc
244 1310 364 1378 tempus.
417 1293 492 1378 Illud
517 1305 614 1377 autem
638 1304 680 1352 est
704 1293 786 1378 hujus
810 1295 947 1376 institutae

164 1391 327 1475 scriptionis
358 1409 392 1448 ac
424 1373 568 1478 temporis,
596 1391 740 1450 neminem
772 1367 947 1466 eloquentie,

163 1506 223 1546 non
249 1487 335 1545 modo
357 1487 419 1544 sine
442 1467 557 1574 dicendi
584 1476 725 1558 doctiine,
750 1487 799 1576 sed
823 1505 860 1543 ne
883 1487 947 1569 sine

164 1583 242 1640 omni
263 1574 378 1658 quidem
398 1563 548 1667 sapientid,
563 1583 664 1640 llorere
685 1571 808 1657 unquam
829 1592 858 1640 et
877 1601 948 1668 prae·

164 1689 239 1738 stare
251 1680 388 1756 potuisse.

120 1882 151 1934 15
203 1871 243 1930 Π.
273 1872 389 1930 Etenim
410 1883 513 1931 cetere
532 1871 591 1930 lere
613 1881 686 1930 artes
706 1891 737 1930 se
757 1871 824 1948 ipse
843 1891 894 1949 per
914 1893 947 1933 se

166 1976 281 2026 tuentur
301 1968 436 2046 singule:
458 1970 538 2026 'bene
561 1967 657 2024 dicere
681 1978 785 2041 autern,
806 1969 882 2043 quod
903 1979 948 2027 est

167 2064 290 2120 scienter
313 2073 342 2121 et
362 2063 452 2140 perite
475 2074 505 2120 et
527 2073 627 2121 ornate
651 2061 757 2135 dicere,
779 2084 836 2122 non
861 2065 947 2124 habet

166 2158 312 2215 definitam
327 2159 448 2234 aliquam
462 2159 617 2235 regionem,
629 2160 710 2235 cujus
724 2160 853 2236 terminis
867 2172 948 2236 septa

166 2262 305 2312 teneatur.
345 2254 461 2324 Omnia,
475 2273 660 2329 quecumque
681 2253 709 2311 in
731 2255 876 2313 hominurn
892 2258 948 2334 dis·

118 2367 151 2419 m
168 2349 357 2426 ceptationem
378 2349 481 2407 cadere
500 2362 628 2427 possunt,
644 2350 716 2407 bene
730 2361 796 2408 sunt
809 2353 836 2409 ei
850 2353 948 2410 dicen·

167 2446 213 2516 dc,
235 2445 283 2520 qui
304 2445 360 2502 hoc
380 2464 412 2502 se
430 2464 511 2525 posse
532 2446 687 2522 profitetur,
710 2456 757 2504 aut
777 2447 947 2523 eloquentie

166 2559 271 2598 nomen
285 2540 502 2616 relinquendum
515 2552 567 2599 est.
607 2542 708 2622 Quare
728 2543 859 2617 equidem
874 2556 902 2602 et
916 2545 947 2603 in

166 2638 264 2694 nostrl
283 2637 408 2708 civitate,
429 2646 458 2693 et
477 2637 506 2694 in
527 2638 588 2713 ipsd
608 2637 731 2718 Graecini,
752 2658 814 2713 que
835 2659 947 2716 semper

166 2732 228 2790 haec
248 2751 359 2815 summa
378 2732 466 2804 duxit,
481 2734 585 2814 multos
605 2743 634 2790 et
654 2734 777 2814 ingeniis
797 2746 826 2793 et
841 2737 946 2812 magne

118 2843 151 2894 ᾔ
165 2827 250 2887 laude
263 2828 378 2888 dicendi
392 2827 453 2888 sine
467 2831 577 2889 summd
591 2849 685 2887 rerum
705 2831 837 2910 omniurn,
854 2831 946 2906 scien·

166 2924 208 2984 rit
227 2924 314 2984 fuisse
334 2926 439 2985 lateor:
466 2925 552 3007 talem
573 2945 639 3005 vero
664 2925 786 3006 existere
812 2925 946 3000 eloquen-

166 3021 246 3099 tium,
267 3021 359 3098 qualis
381 3023 466 3082 luerit
489 3023 519 3081 in
544 3021 648 3081 Crasso
670 3033 700 3080 et
723 3021 861 3095 Antonio,
885 3041 946 3082 non
