2109 3417
141 293 198 357 1oe
457 301 501 359 nn
522 300 685 349 onerosa
873 299 918 361 rc.
929 298 983 347 rra

182 449 263 510 nium
283 447 431 525 variosque
451 467 599 507 sermones
623 446 828 507 immortalitati
852 439 983 525 scriptis

182 545 242 605 suis
260 545 344 604 Plato
365 546 491 618 tradidit,
512 564 579 604 oum
606 544 667 621 ipse
692 544 803 603 literam
829 544 980 603 Socrates

182 640 290 700 nullam
309 641 476 718 reliquisset
517 641 597 699 Hinc
618 640 769 701 discidium
789 639 861 697 illud
883 642 979 701 exsti·

183 738 218 796 tit
235 737 315 813 quasi
334 737 439 815 lingua
459 747 542 814 atque
563 737 666 808 cordis,
681 735 833 793 absurdum
855 755 931 795 sane
946 748 977 795 et

153 833 284 892 ninutile
303 844 333 891 et
352 834 627 909 reprehendendum,
647 841 679 891 ut
699 831 747 889 alii
774 850 827 889 nos
854 852 975 909 sapere,

183 930 232 989 alii
251 930 349 989 dicere
367 930 513 987 docerent.
560 928 646 1000 Nam,
668 946 735 987 cum
754 938 849 987 essem
870 930 975 1005 plures

182 1026 238 1083 orti
265 1025 325 1084 lere
352 1044 369 1082 a
394 1026 524 1097 Socrate,
548 1024 634 1100 quod,
659 1042 695 1081 ex
718 1023 793 1081 illius
817 1025 918 1097 variis,
943 1036 975 1085 et

184 1120 311 1193 dirersis,
325 1131 355 1179 et
368 1120 398 1179 in
411 1138 525 1178 omnem
540 1131 648 1195 partem
669 1119 780 1178 diffusis
799 1119 974 1195 disputatio-

184 1218 280 1289 nibus,
301 1217 372 1275 alius
398 1216 472 1274 aliud
498 1216 738 1291 apprehenderat,
765 1217 972 1291 proseminatae

139 1328 171 1377 ιο
185 1324 252 1373 sunt
276 1312 357 1389 quasi
391 1311 504 1370 familiar
536 1310 736 1369 dissentientes
769 1311 843 1369 inter
870 1332 914 1385 sc,
941 1324 972 1371 et

184 1410 305 1471 multura
318 1408 468 1485 disjuncte
481 1418 511 1465 et
523 1408 660 1483 dispares,
674 1426 739 1465 oum
755 1417 852 1467 tamen
866 1427 969 1468 omnes

184 1526 217 1567 se
228 1505 390 1583 philosophi
410 1504 574 1563 Socraticos
593 1513 622 1563 et
641 1502 699 1565 dici
719 1503 834 1576 vellent,
853 1515 886 1563 et
905 1524 969 1563 esse

186 1603 396 1663 arbitrarentur.

223 1794 320 1855 XVII.
350 1795 398 1854 Ac
410 1792 503 1871 primo
520 1792 556 1851 ab
577 1790 638 1869 ipso
657 1791 777 1851 Platone
796 1790 969 1852 Aristoteles

140 1907 172 1959 15
183 1902 213 1951 et
234 1892 431 1960 Xenocrates;
456 1906 576 1964 quorum
605 1888 674 1947 alter
699 1887 967 1965 Peripateticorum,

185 1988 256 2047 alter
289 1986 455 2045 Academia
487 2004 592 2046 nornen
624 1984 765 2043 obtinuit:
799 1984 905 2042 deinde
931 1986 968 2043 alr

184 2084 368 2154 Antisthene,
381 2082 430 2159 qui
442 2080 608 2159 patientium
630 2090 659 2139 et
672 2080 805 2139 duritiam
819 2080 848 2139 iu
863 2080 968 2139 Socra·

185 2180 245 2247 tiro
256 2197 388 2239 sermone
400 2178 523 2238 maxime
542 2177 695 2249 adamdrat,
709 2176 813 2253 Cynici
831 2176 965 2254 primurn,

185 2275 290 2335 deinde
316 2275 426 2334 Stoici:
459 2285 520 2333 tum
548 2274 583 2333 ab
609 2273 765 2349 Aristippo,
792 2292 876 2349 quem
909 2273 964 2331 illac

139 2381 172 2434 2⁰
185 2372 277 2449 magis
295 2370 460 2449 voluptariae
480 2370 685 2446 disputationes
704 2369 889 2441 delectarent,
910 2368 964 2445 Cy·

186 2471 303 2528 renaics
324 2467 505 2545 philosophia
529 2465 664 2536 manavit,
683 2483 767 2541 quam
787 2464 883 2523 illest
903 2465 964 2542 ejus

185 2564 292 2641 posteri
316 2563 484 2642 simpliciter
517 2561 714 2637 defenderunt,
748 2560 778 2633 ii,
805 2560 854 2637 qui
886 2580 963 2619 nunc

185 2662 327 2737 voluptate
344 2659 442 2719 omnia
460 2658 626 2728 metiuntur,
640 2657 707 2715 dum
727 2657 915 2715 verecundius
933 2658 963 2717 id

140 2798 144 2803 ι
187 2768 285 2835 agunt,
317 2776 373 2817 nco
405 2753 535 2833 dignitati
568 2752 757 2824 satisfaciunt,
789 2771 874 2828 quam
905 2772 962 2811 non

137 2869 173 2921 z
186 2864 382 2932 aspernantur,
396 2870 452 2911 ncc
470 2850 643 2927 uoluptatem
662 2859 787 2923 tuentur,
804 2867 888 2924 quarn
909 2868 965 2925 am·

186 2952 295 3031 plexari
308 2950 415 3008 volunt.

226 3048 355 3109 Fuerunt
368 3044 454 3108 etiam
468 3042 523 3102 alia
540 3060 646 3121 genera
658 3040 901 3120 philosophorum,
915 3039 963 3121 qui
