2109 3417
117 301 210 361 nm]
402 299 447 347 nn
467 300 630 347 carrona.

490 447 625 509 “quamvis
635 446 715 493 bonus
726 446 778 507 ipse

187 528 287 575 Samnis
298 528 325 575 in
336 527 404 588 ludo,
415 542 443 575 ac
455 528 558 575 rudibus
569 526 649 577 cuivis
660 526 719 574 satis
730 540 815 588 asper:
825 522 840 545 ’¹

117 644 167 701 sed
181 644 246 719 plus
259 662 352 718 operae
367 644 429 701 foro
449 643 602 714 tribuebat,
618 642 727 715 amicis,
742 641 783 697 rei
802 640 905 699 famili-

118 738 168 796 ari.
222 738 356 795 Valerius
388 737 515 811 quotidie
542 738 699 794 cantabat:
732 748 794 793 erat
825 734 901 793 enim

117 835 267 893 scenicus:
295 834 363 910 quid
392 834 499 899 faceret
526 834 623 891 aliudt
677 830 935 890 rte-Numerium

117 931 232 1001 Furius,
253 942 350 987 noster
377 929 534 1001 familiaris,
556 948 622 987 cum
645 940 688 987 est
708 929 901 1000 commodum,

115 1037 229 1084 cantat:
251 1037 294 1083 est
314 1027 390 1083 enim
410 1026 624 1101 paterfamilias,
639 1036 682 1083 est
696 1045 781 1101 eques
795 1025 903 1083 Romu·

115 1144 186 1181 nus:
207 1143 277 1199 puer
291 1123 402 1194 didicit,
418 1122 492 1197 quod
507 1122 676 1181 discendum
690 1123 750 1180 fuit.
792 1122 902 1179 Eadem

115 1221 189 1277 ratio
210 1232 253 1277 est
273 1220 378 1275 harum*
402 1220 503 1275 artium
531 1219 726 1277 maximarum.
781 1218 853 1275 Dies
873 1208 909 1276 et

116 1327 217 1373 noctes
236 1316 327 1371 virum
351 1315 463 1371 summai
483 1314 586 1371 virtute
607 1324 636 1371 et
655 1314 806 1389 prudentii
827 1309 952 1371 vida-10

117 1412 227 1482 bamus,
241 1410 412 1487 philosopho
432 1429 498 1466 cum
518 1428 633 1484 operam
648 1410 739 1479 daret,
751 1410 790 1470 Q.
805 1409 904 1467 Tube·

117 1526 226 1566 ronem.
266 1509 308 1564 At
327 1507 389 1582 ejus
410 1494 582 1566 avunculum
606 1506 652 1562 vix
679 1504 852 1581 intelligeret
872 1506 902 1563 id

118 1622 212 1680 agere,
246 1623 312 1660 cum
347 1613 444 1678 ageret
475 1585 581 1672 tamen,
611 1602 792 1659 Africanum.
843 1599 903 1660 Ista

117 1700 267 1756 discuntur
294 1700 387 1770 facile,
409 1699 481 1756 siet
501 1708 611 1755 tantum
639 1716 743 1768 sumas,
765 1706 904 1772 quantum

117 1814 190 1870 opus
204 1795 250 1865 sit,
265 1805 293 1851 et
307 1795 421 1865 habeas,
436 1794 485 1869 qui
499 1795 604 1850 docere
625 1793 745 1851 fideliter
759 1794 859 1868 possit,
874 1802 903 1851 et
918 1793 949 1843 1⁵

117 1892 192 1947 scias
213 1890 299 1947 etiarn
319 1890 380 1965 ipse
399 1891 519 1948 discere.
562 1892 629 1961 Sed,
644 1890 668 1947 si
683 1891 744 1947 tota
758 1889 815 1946 vitai
830 1888 903 1946 nihil

116 1987 187 2043 velis
208 1986 284 2043 aliud
307 2004 400 2062 agere,
415 1987 476 2062 ipsa
495 1986 628 2044 tractatio
649 1996 677 2042 et
698 1982 816 2060 quaestio
835 2003 905 2060 quor

116 2083 188 2141 tidie
207 2102 243 2139 ex
263 2102 294 2139 se
312 2082 413 2159 gignat
433 2083 550 2157 aliquid,
572 2082 647 2157 quod
669 2101 734 2139 cum
759 2082 903 2139 desidiosi

117 2180 307 2238 delectatione
328 2179 458 2257 vestiges.
509 2178 554 2235 Ita
573 2179 614 2250 fir,
635 2188 666 2235 ut
687 2178 842 2255 agitatione
861 2196 905 2235 re-

117 2292 181 2329 rum
200 2274 238 2331 sit
258 2275 371 2331 infinita
390 2274 535 2351 cognitio,
558 2272 651 2329 facilis
662 2292 730 2329 usus
744 2273 903 2331 doctrinam
917 2280 951 2331 w

118 2367 278 2438 confirmet,
302 2368 456 2424 mediocris
483 2386 570 2443 opera
596 2367 746 2439 tribuatur,
767 2368 904 2426 memoria

118 2462 301 2537 studiumque
326 2474 499 2538 permaneat.
554 2462 639 2519 Libet
666 2473 760 2521 autem
793 2483 904 2540 semper

118 2558 230 2615 discere
238 2577 246 2627 ;
267 2568 309 2630 ut,
323 2559 348 2615 si
362 2560 446 2616 velim
459 2578 515 2635 ego
528 2560 594 2616 talis
606 2559 714 2634 optime
732 2559 840 2632 ludere,
856 2570 905 2619 aut

117 2653 184 2731 pilae
197 2653 298 2711 studio'
306 2665 414 2724 tenear,
429 2655 525 2727 etiam,
541 2655 670 2727 fortasse,
681 2654 706 2712 si
721 2656 832 2730 assequi
845 2674 904 2715 non

117 2750 234 2828 poesim.
286 2750 327 2807 At
347 2750 405 2821 alii,
427 2750 495 2826 quia
519 2752 656 2826 praeclare
682 2751 801 2824 faciunt,
822 2754 905 2809 vehe-
918 2762 951 2811 ὕ

118 2847 254 2917 mentius,
281 2866 367 2921 quam
393 2866 481 2905 causa
506 2847 639 2923 postulat,
664 2847 852 2919 delectantur,
872 2859 905 2906 ut

118 2943 218 3001 Titius
237 2944 306 3019 pila,
321 2943 420 3002 Brulla
439 2944 512 3016 talis.
553 2943 665 3005 Quare:
676 2943 746 3005 nihil
761 2944 903 3019 est,.quod

121 3039 271 3118 quisquam
304 3040 531 3119 magnitudinem
566 3039 668 3097 artium
684 3058 731 3101 ‘ex
757 3058 802 3113 eo,
829 3040 906 3117 quod
