2109 3417
94 315 176 375 nnn
379 315 423 363 nn
444 316 608 363 omnonn
887 306 927 365 ⁵9

94 462 235 534 dicemus,
258 462 464 522 haberehunc
488 464 546 521 vim
569 481 742 541 magnopere
764 462 881 535 debent,

93 568 127 634 ut
145 560 181 617 ad
199 577 300 617 eorum
319 570 440 632 mentes,
455 560 531 636 apud
550 578 622 635 quos
642 570 752 637 agetur,
765 578 881 619 moran·

94 654 155 727 das,
169 673 337 730 permanare
350 656 467 731 possint.
844 718 846 725 ,

133 751 192 812 Sed
219 750 265 809 bis
290 751 419 826 partibus
449 751 597 824 orationis,
625 770 688 827 qum
721 752 774 811 etsi
807 753 879 813 nihil

93 846 201 903 docent
233 847 469 923 argumentando,
494 848 694 923 persuadendo
726 858 821 909 tamen
850 854 910 909 et5

92 943 301 1001 commovendo
334 943 489 1018 proficiunt
520 944 685 1019 plurimum,
717 963 880 1020 quanquam

91 1039 365 1113 maximctproprius
377 1050 421 1097 est
434 1039 517 1097 locus
529 1050 559 1097 et
572 1040 602 1097 in
616 1041 792 1099 exordiendo
805 1055 834 1099 et
848 1041 880 1099 in

90 1135 268 1212 perorando;
288 1135 400 1211 digredi
413 1146 509 1193 tamen
523 1136 560 1193 ab
572 1155 616 1207 co,
631 1137 708 1211 quod
725 1156 879 1213 proposue-

91 1230 132 1288 ris
145 1240 231 1305 atque
244 1249 322 1307 agas,
336 1232 593 1305 permovendorum
607 1233 766 1291 animorum
780 1234 877 1305 causi,

92 1344 168 1401 saepe
187 1326 257 1385 utile
277 1337 329 1385 est.
370 1326 472 1401 ltaque
486 1326 540 1399 vel,
554 1326 719 1385 narratione
738 1328 925 1403 expositum

92 1440 168 1497 sape
181 1423 264 1481 datur
278 1422 315 1479 ad
328 1423 552 1481 commovendos
572 1422 683 1480 animos
696 1423 877 1499 digrediendi

92 1517 190 1588 locus3
218 1518 262 1575 vol
290 1518 465 1595 argumentis
491 1518 596 1575 nostris
624 1519 809 1589 confirmatis,
833 1519 876 1577 vcl

93 1614 245 1673 contrariis
264 1613 405 1684 refutatis,
426 1614 470 1671 rel
491 1623 611 1689 utroque
632 1613 707 1684 loco,
728 1614 772 1671 vel
789 1614 879 1673 omni·

93 1710 157 1781 bus,
177 1710 202 1767 si
222 1709 309 1767 habet
328 1728 392 1767 eam
420 1728 507 1767 causa
534 1708 702 1785 dignitatem
728 1719 812 1784 atque
832 1728 880 1767 co-

92 1806 181 1881 piam,
194 1816 273 1863 recte
296 1805 326 1863 id
348 1804 411 1863 ficri
433 1816 544 1880 potest:
566 1823 663 1879 eaeque
686 1824 780 1867 causae
801 1815 926 1877 suot,15

94 1902 130 1959 od
151 1901 294 1978 agendum
314 1915 343 1958 et
363 1902 397 1959 ad
419 1901 589 1971 ornandum,
603 1900 777 1977 gravissimae
794 1912 879 1976 atque

91 1996 275 2075 plenissime,
296 2016 358 2072 quae
378 1997 516 2072 plurimos
543 1997 634 2053 exitus
661 1996 730 2053 dant
751 1996 785 2053 ad
807 1997 879 2073 ejus-

93 2093 172 2159 modi
185 2093 402 2170 digressionem,
417 2103 448 2150 ut
461 2093 506 2149 his
518 2092 592 2150 locis
606 2092 648 2149 uti
664 2092 760 2163 liccat,
775 2093 879 2168 quibus

94 2190 254 2248 animorum
288 2188 410 2264 impetus
442 2206 553 2261 eorum,
587 2188 634 2263 qui
669 2188 798 2261 audiunt,
830 2200 880 2249 aut

93 2286 285 2360 impellantur,
300 2298 349 2342 aut
362 2284 554 2342 reflectantur.
717 2312 721 2329 ι
894 2299 927 2351 20

134 2380 230 2453 Atque
249 2380 337 2437 etiam
357 2379 387 2436 in
408 2378 458 2437 illo
475 2379 654 2454 reprehendo
667 2398 727 2451 eos,
742 2380 800 2455 qui,
814 2399 878 2456 qma

94 2474 212 2533 minime
232 2474 314 2533 firma
332 2485 408 2545 sunt,
422 2494 457 2533 ea
470 2474 563 2550 prima
582 2475 731 2533 collocant.
772 2476 807 2533 ln
821 2496 878 2552 quo

94 2570 160 2628 illos
178 2587 292 2645 quoque
310 2588 406 2628 errare
427 2569 557 2640 arbitror,
576 2571 634 2643 qui,
655 2570 679 2627 si
700 2572 813 2645 quando
833 2571 878 2648 (id

93 2666 172 2743 quod
198 2665 269 2723 mihi
295 2684 442 2740 nunquam
468 2666 590 2744 placuit)
617 2666 712 2741 plures
743 2667 880 2726 adhibent

92 2773 239 2841 patronos,
255 2772 287 2821 ut
306 2762 338 2819 in
356 2780 470 2837 quoque
489 2780 589 2821 eorum
609 2761 758 2820 minimum
778 2774 879 2839 putant
894 2780 927 2829 25

93 2879 168 2932 esse,
182 2859 224 2917 ita
235 2877 301 2917 eum
321 2859 444 2934 primum
460 2858 560 2916 volunt
579 2859 684 2918 dicere.
725 2858 788 2917 Res
800 2860 879 2919 enini

94 2957 152 3015 hoc
170 2955 305 3032 postulat,
326 2965 476 3025 uteorum
496 2954 712 3031 exspectationi,
731 2954 780 3030 qni
801 2956 880 3015 audi·

95 3062 157 3126 unt,
179 3071 266 3131 quam
289 3051 439 3113 celerrimo
461 3061 645 3113 occurratur:
676 3051 724 3115 oui
747 3051 772 3111 si
786 3051 879 3119 ,initio
