2109 3417
113 290 154 365 Su
434 313 479 365 oa
500 315 663 369 onerosa
862 314 904 376 [a.
914 314 953 363 rr.

161 462 207 541 (ut
228 463 333 545 aiunt),
360 465 414 523 iste
441 485 458 523 a
483 484 584 542 puero,
605 482 717 524 summo
743 463 849 535 studio,
869 482 953 522 sum·

159 560 214 617 mis
234 561 409 620 doctoribus.
459 560 541 619 Nihil
567 562 663 620 dicem
685 561 722 619 de
746 560 874 639 ingenio,
898 560 951 619 oui

158 661 210 731 par
231 675 316 715 nemo
335 658 405 716 fuit:
432 658 540 717 etenim
561 676 608 716 me
629 658 773 716 dicentem
796 657 845 733 qui
868 657 951 714 audi-

159 752 223 825 erit,
250 772 337 811 nemo
363 773 488 831 unquam
520 764 579 813 tam
613 753 657 811 sui
692 753 854 829 despiciens
881 752 949 823 fuit,

130 846 229 922 oquin
261 859 388 925 speraret
415 859 464 907 aut
496 849 609 921 melius,
637 858 685 906 aut
711 848 813 905 eodem
847 848 948 919 modo,

159 962 192 1002 se
217 963 301 1021 posse
327 945 441 1025 dicere:v
476 945 583 1003 Crasso
616 945 741 1016 dicente,
768 962 854 1002 nemo
886 953 950 1002 tam

160 1060 306 1119 arrogans,
333 1042 382 1116 qui
414 1040 546 1099 similiter
579 1058 610 1098 se
642 1058 767 1115 unquam
784 1040 950 1098 'dicturum

159 1156 223 1195 esse
256 1139 420 1196 confideret.
478 1137 687 1209 Quamobrem,
715 1153 752 1195 ne
785 1136 890 1193 frustra
917 1136 949 1194 hi

160 1234 232 1291 tales
253 1234 305 1292 viri
328 1234 467 1307 venerint,
491 1246 519 1291 te
545 1233 704 1309 aliquando,
729 1232 843 1305 Crasse,
869 1232 951 1291 audi·

115 1342 249 1395 luamus.

200 1524 265 1583 XC.
296 1524 375 1583 Tum
398 1524 456 1597 ille,
479 1524 519 1583 Ut
543 1524 583 1583 ita
606 1523 661 1582 ista
687 1540 749 1581 esse
776 1522 947 1595 concedam,

162 1621 264 1697 inquit,
279 1621 400 1692 Antoni,
413 1640 477 1698 quar
497 1631 564 1679 sunt
583 1621 669 1697 longe
685 1638 777 1691 secus,
792 1619 860 1694 quid
876 1618 948 1677 mihi

161 1728 193 1776 tu
206 1719 321 1776 tandem
335 1718 431 1789 hodie,
447 1728 495 1775 aut
509 1717 650 1792 cuiquam
662 1716 781 1790 homini,
796 1716 873 1792 quod
887 1715 949 1773 dici

160 1815 257 1891 possit,
272 1813 431 1888 reliquisti?
471 1813 576 1871 Dicam
595 1813 671 1870 enim
688 1832 763 1885 vere,
780 1812 949 1871 amicissimi

118 1925 147 1973 15
161 1908 300 1979 homines,
314 1910 390 1983 quod
406 1909 515 1967 sentio:
537 1928 613 1984 sepe
632 1926 687 1986 ego
701 1908 802 1966 doctos
816 1908 949 1967 homiues

161 2050 168 2063 .
190 2049 197 2063 .
219 2048 226 2062 .
247 2047 255 2062 .
276 2004 344 2079 quid
358 2005 436 2076 dico,
450 2006 599 2082 “saepe'’‘i
620 2004 708 2062 immo
722 2023 949 2080 nonnunquam:

162 2100 251 2176 (saepe
271 2100 348 2157 enim
369 2100 417 2175 qui
437 2100 529 2177 potui,
543 2100 591 2176 qai
611 2119 681 2177 puer
702 2101 732 2158 in
753 2101 843 2159 sorum
862 2119 950 2161 rene

161 2194 333 2270 rimaeque
349 2196 417 2254 inde
437 2198 562 2273 anquam
583 2196 700 2269 diutius,
715 2214 798 2273 quam
812 2208 948 2273 quaestor,

162 2292 335 2373 abfuerint)
364 2293 414 2352 sed
441 2304 539 2352 tamen
567 2294 672 2366 audivi,
698 2292 744 2371 (ut
774 2293 836 2353 heri
868 2294 950 2352 dice-

113 2398 147 2447 20
161 2389 240 2465 bam)
255 2398 284 2447 et
305 2388 427 2449 Athenis
447 2409 513 2449 oum
533 2408 636 2462 essem,
657 2389 839 2457 doctissimos
859 2390 947 2465 viros,

160 2496 190 2543 et
210 2484 240 2542 in
261 2485 334 2543 Asia
353 2485 438 2544 istum
459 2486 551 2562 ipsum
570 2486 720 2562 Scepsium
735 2484 947 2561 Metrodorum,

160 2598 227 2638 cum
248 2580 285 2637 de
305 2580 350 2638 his
370 2580 438 2657 ipsis
458 2581 543 2639 rebus
563 2581 736 2657 disputaret:
763 2552 947 2658 aeque⁸aero

159 2675 231 2733 mihi
265 2676 413 2753 quisquam
447 2676 592 2754 copiosius
624 2696 749 2753 unquam
783 2678 859 2737 visus
891 2689 946 2752 est,

159 2788 254 2847 neque
280 2772 422 2845 subtilius,
443 2772 474 2831 iu
494 2774 551 2831 boc
574 2792 680 2851 genere
707 2774 833 2847 dicendi,
859 2794 947 2851 quam

112 2884 146 2935 as
160 2866 214 2926 iste
240 2868 335 2941 hodie,
363 2887 426 2926 esse
453 2878 588 2928 versatus.
640 2870 775 2933 Quodsi
800 2880 873 2929 esset
897 2870 948 2928 ali·

159 2973 214 3041 ter,
234 2974 264 3024 et
284 2964 389 3043 aliquid
410 2965 601 3045 intelligerem
624 2967 661 3025 ab
684 2966 812 3027 Antonio
830 2976 948 3045 prater·
